,code,exchange,orderid,tradeid,direction,offset,price,volume,datetime
0,rb2210,SHFE,0_0_         787,       54110,空,开,4943.0,8,2022-04-13 21:00:32
1,rb2210,SHFE,0_0_         916,       57717,多,平今,4943.0,3,2022-04-13 21:00:36
2,rb2210,SHFE,0_0_         916,       57718,多,平今,4943.0,1,2022-04-13 21:00:36
3,rb2210,SHFE,0_0_        1020,       60762,多,平今,4941.0,2,2022-04-13 21:00:40
4,rb2210,SHFE,0_0_        1020,       60787,多,平今,4941.0,1,2022-04-13 21:00:40
5,rb2210,SHFE,0_0_        1020,       60927,多,平今,4941.0,1,2022-04-13 21:00:41
6,rb2210,SHFE,0_0_        1096,       63103,多,开,4942.0,1,2022-04-13 21:00:43
7,rb2210,SHFE,0_0_        1096,       63104,多,开,4942.0,3,2022-04-13 21:00:43
8,rb2210,SHFE,0_0_        1150,       64604,多,开,4942.0,2,2022-04-13 21:00:45
9,rb2210,SHFE,0_0_        1168,       65028,空,平昨,4943.0,1,2022-04-13 21:00:46
10,rb2210,SHFE,0_0_        1182,       65930,空,平今,4943.0,2,2022-04-13 21:00:47
11,rb2210,SHFE,0_0_        1273,       67855,空,平昨,4943.0,1,2022-04-13 21:00:50
12,rb2210,SHFE,0_0_        1329,       70746,空,平今,4943.0,1,2022-04-13 21:00:54
13,rb2210,SHFE,0_0_        1436,       71668,多,开,4942.0,2,2022-04-13 21:00:56
14,rb2210,SHFE,0_0_        1455,       73002,空,平今,4943.0,4,2022-04-13 21:00:58
15,rb2210,SHFE,0_0_        1583,       76150,空,开,4941.0,2,2022-04-13 21:01:02
16,rb2210,SHFE,0_0_        1849,       82479,多,开,4944.0,3,2022-04-13 21:01:10
17,rb2210,SHFE,0_0_        1849,       82526,多,开,4944.0,1,2022-04-13 21:01:10
18,rb2210,SHFE,0_0_        2572,      102615,空,平今,4936.0,2,2022-04-13 21:01:41
19,rb2210,SHFE,0_0_        2748,      105375,多,平今,4937.0,2,2022-04-13 21:01:47
20,rb2210,SHFE,0_0_        2784,      106282,空,平今,4938.0,1,2022-04-13 21:01:49
21,rb2210,SHFE,0_0_        2817,      106497,空,开,4938.0,4,2022-04-13 21:01:49
22,rb2210,SHFE,0_0_        3166,      114845,空,平今,4945.0,1,2022-04-13 21:02:05
23,rb2210,SHFE,0_0_        3236,      117371,多,开,4945.0,1,2022-04-13 21:02:10
24,rb2210,SHFE,0_0_        3236,      117372,多,开,4945.0,1,2022-04-13 21:02:10
25,rb2210,SHFE,0_0_        3236,      117373,多,开,4945.0,1,2022-04-13 21:02:10
26,rb2210,SHFE,0_0_        3309,      117569,多,平今,4945.0,1,2022-04-13 21:02:10
27,rb2210,SHFE,0_0_        3309,      117622,多,平今,4945.0,1,2022-04-13 21:02:10
28,rb2210,SHFE,0_0_        3319,      117850,空,平今,4946.0,2,2022-04-13 21:02:11
29,rb2210,SHFE,0_0_        3725,      125692,多,开,4949.000000000001,3,2022-04-13 21:02:26
30,rb2210,SHFE,0_0_        4483,      137285,空,平今,4952.0,1,2022-04-13 21:02:47
31,rb2210,SHFE,0_0_        4679,      139271,空,平今,4954.000000000001,4,2022-04-13 21:02:50
32,rb2210,SHFE,0_0_        4697,      139642,多,开,4953.0,4,2022-04-13 21:02:51
33,rb2210,SHFE,0_0_        4807,      140497,空,平今,4953.0,2,2022-04-13 21:02:53
34,rb2210,SHFE,0_0_        4875,      140929,多,开,4954.0,1,2022-04-13 21:02:54
35,rb2210,SHFE,0_0_        4875,      140930,多,开,4954.0,1,2022-04-13 21:02:54
36,rb2210,SHFE,0_0_        4875,      140956,多,开,4954.0,1,2022-04-13 21:02:54
37,rb2210,SHFE,0_0_        5921,      149419,空,平今,4952.0,2,2022-04-13 21:03:14
38,rb2210,SHFE,0_0_        6850,      158558,多,开,4955.0,5,2022-04-13 21:03:35
39,rb2210,SHFE,0_0_        6899,      159788,空,平今,4956.0,1,2022-04-13 21:03:39
40,rb2210,SHFE,0_0_        6899,      159845,空,平今,4956.0,2,2022-04-13 21:03:39
41,rb2210,SHFE,0_0_        6899,      159883,空,平今,4956.0,1,2022-04-13 21:03:39
42,rb2210,SHFE,0_0_        7152,      160700,多,开,4955.0,1,2022-04-13 21:03:42
43,rb2210,SHFE,0_0_        7152,      160721,多,开,4955.0,1,2022-04-13 21:03:42
44,rb2210,SHFE,0_0_        7152,      160734,多,开,4955.0,1,2022-04-13 21:03:42
45,rb2210,SHFE,0_0_        7152,      160735,多,开,4955.0,1,2022-04-13 21:03:42
46,rb2210,SHFE,0_0_        7410,      162538,空,平今,4955.0,2,2022-04-13 21:03:46
47,rb2210,SHFE,0_0_        7551,      168208,空,平今,4955.0,4,2022-04-13 21:04:01
48,rb2210,SHFE,0_0_        9114,      172731,多,开,4956.0,1,2022-04-13 21:04:14
49,rb2210,SHFE,0_0_        9298,      173749,空,平今,4957.0,1,2022-04-13 21:04:18
50,rb2210,SHFE,0_0_        9400,      177982,多,开,4956.0,2,2022-04-13 21:04:32
51,rb2210,SHFE,0_0_        9400,      178003,多,开,4956.0,1,2022-04-13 21:04:32
52,rb2210,SHFE,0_0_       10243,      178134,空,平今,4957.0,3,2022-04-13 21:04:32
53,rb2210,SHFE,0_0_       11723,      185333,多,平今,4954.0,1,2022-04-13 21:04:55
54,rb2210,SHFE,0_0_       12542,      187665,多,开,4954.0,1,2022-04-13 21:05:01
55,rb2210,SHFE,0_0_       12542,      187685,多,开,4954.0,1,2022-04-13 21:05:01
56,rb2210,SHFE,0_0_       12947,      188625,空,平今,4954.0,3,2022-04-13 21:05:03
57,rb2210,SHFE,0_0_       12947,      188654,空,平今,4954.0,1,2022-04-13 21:05:03
58,rb2210,SHFE,0_0_       13046,      188738,多,开,4953.0,4,2022-04-13 21:05:03
59,rb2210,SHFE,0_0_       14517,      192914,空,平今,4952.0,3,2022-04-13 21:05:09
60,rb2210,SHFE,0_0_       14517,      192915,空,平今,4952.0,1,2022-04-13 21:05:09
61,rb2210,SHFE,0_0_       17748,      206591,多,开,4956.0,4,2022-04-13 21:05:35
62,rb2210,SHFE,0_0_       17784,      207120,多,开,4955.0,4,2022-04-13 21:05:37
63,rb2210,SHFE,0_0_       18161,      208310,空,平今,4956.0,3,2022-04-13 21:05:41
64,rb2210,SHFE,0_0_       18161,      208311,空,平今,4956.0,1,2022-04-13 21:05:41
65,rb2210,SHFE,0_0_       18161,      208314,空,平今,4956.0,1,2022-04-13 21:05:41
66,rb2210,SHFE,0_0_       18161,      208447,空,平今,4956.0,2,2022-04-13 21:05:41
67,rb2210,SHFE,0_0_       18267,      209719,多,平今,4955.0,1,2022-04-13 21:05:44
68,rb2210,SHFE,0_0_       18660,      211543,多,开,4956.0,2,2022-04-13 21:05:50
69,rb2210,SHFE,0_0_       18660,      211544,多,开,4956.0,4,2022-04-13 21:05:50
70,rb2210,SHFE,0_0_       30334,      239637,空,平今,4954.0,2,2022-04-13 21:07:12
71,rb2210,SHFE,0_0_       30513,      240142,空,平今,4953.0,2,2022-04-13 21:07:14
72,rb2210,SHFE,0_0_       30827,      243987,空,平今,4954.0,1,2022-04-13 21:07:22
73,rb2210,SHFE,0_0_       31991,      244317,多,开,4953.0,1,2022-04-13 21:07:23
74,rb2210,SHFE,0_0_       32116,      244540,空,平今,4954.000000000001,1,2022-04-13 21:07:23
75,rb2210,SHFE,0_0_       34179,      249420,多,开,4958.0,2,2022-04-13 21:07:37
76,rb2210,SHFE,0_0_       34179,      249452,多,开,4958.0,1,2022-04-13 21:07:37
77,rb2210,SHFE,0_0_       34179,      249477,多,开,4958.0,1,2022-04-13 21:07:37
78,rb2210,SHFE,0_0_       34544,      250416,空,平今,4959.0,4,2022-04-13 21:07:39
79,rb2210,SHFE,0_0_       37406,      257032,空,平今,4963.0,1,2022-04-13 21:07:56
80,rb2210,SHFE,0_0_       38568,      261083,空,开,4962.0,6,2022-04-13 21:08:04
81,rb2210,SHFE,0_0_       39135,      262955,空,开,4962.0,2,2022-04-13 21:08:08
82,rb2210,SHFE,0_0_       39835,      264620,多,平今,4961.0,2,2022-04-13 21:08:12
83,rb2210,SHFE,0_0_       39835,      264641,多,平今,4961.0,1,2022-04-13 21:08:12
84,rb2210,SHFE,0_0_       39835,      264653,多,平今,4961.0,1,2022-04-13 21:08:12
85,rb2210,SHFE,0_0_       40008,      264864,空,开,4962.0,4,2022-04-13 21:08:13
86,rb2210,SHFE,0_0_       40158,      267130,多,平今,4961.0,4,2022-04-13 21:08:20
87,rb2210,SHFE,0_0_       40943,      269337,空,开,4962.0,4,2022-04-13 21:08:28
88,rb2210,SHFE,0_0_       42072,      269508,多,平今,4961.0,4,2022-04-13 21:08:28
89,rb2210,SHFE,0_0_       42381,      269825,多,平今,4960.0,3,2022-04-13 21:08:29
90,rb2210,SHFE,0_0_       42116,      272955,空,开,4962.0,4,2022-04-13 21:08:42
91,rb2210,SHFE,0_0_       44550,      274079,多,平今,4961.0,4,2022-04-13 21:08:48
92,rb2210,SHFE,0_0_       44610,      274140,多,开,4961.0,2,2022-04-13 21:08:49
93,rb2210,SHFE,0_0_       45614,      275069,空,平今,4962.0,1,2022-04-13 21:08:51
94,rb2210,SHFE,0_0_       45614,      275075,空,平今,4962.0,1,2022-04-13 21:08:51
95,rb2210,SHFE,0_0_       45614,      275077,空,平今,4962.0,1,2022-04-13 21:08:51
96,rb2210,SHFE,0_0_       46270,      275590,空,开,4962.0,1,2022-04-13 21:08:53
97,rb2210,SHFE,0_0_       46270,      275592,空,开,4962.0,1,2022-04-13 21:08:53
98,rb2210,SHFE,0_0_       46270,      275601,空,开,4962.0,2,2022-04-13 21:08:53
99,rb2210,SHFE,0_0_       46453,      275732,多,平今,4961.0,1,2022-04-13 21:08:53
100,rb2210,SHFE,0_0_       46603,      276513,空,开,4962.0,4,2022-04-13 21:08:55
101,rb2210,SHFE,0_0_       46665,      276543,多,平今,4961.0,4,2022-04-13 21:08:55
102,rb2210,SHFE,0_0_       46686,      276632,空,开,4962.0,4,2022-04-13 21:08:56
103,rb2210,SHFE,0_0_       46697,      276808,多,平今,4961.0,4,2022-04-13 21:08:56
104,rb2210,SHFE,0_0_       46873,      277270,空,开,4962.0,3,2022-04-13 21:08:58
105,rb2210,SHFE,0_0_       48401,      280645,多,平今,4964.0,3,2022-04-13 21:09:06
106,rb2210,SHFE,0_0_       48680,      281426,多,开,4964.0,2,2022-04-13 21:09:07
107,rb2210,SHFE,0_0_       49298,      283316,多,平今,4967.0,1,2022-04-13 21:09:10
108,rb2210,SHFE,0_0_       50039,      284997,多,开,4969.0,6,2022-04-13 21:09:14
109,rb2210,SHFE,0_0_       50462,      285981,空,平今,4971.0,3,2022-04-13 21:09:17
110,rb2210,SHFE,0_0_       50489,      286104,多,开,4970.0,1,2022-04-13 21:09:17
111,rb2210,SHFE,0_0_       50489,      286109,多,开,4970.0,1,2022-04-13 21:09:17
112,rb2210,SHFE,0_0_       50489,      289006,多,开,4970.0,1,2022-04-13 21:09:24
113,rb2210,SHFE,0_0_       52021,      289479,空,平今,4971.0,1,2022-04-13 21:09:25
114,rb2210,SHFE,0_0_       52267,      289503,多,平今,4970.0,1,2022-04-13 21:09:25
115,rb2210,SHFE,0_0_       52270,      289578,空,平今,4971.0,1,2022-04-13 21:09:25
116,rb2210,SHFE,0_0_       52328,      289929,多,平今,4970.0,1,2022-04-13 21:09:26
117,rb2210,SHFE,0_0_       52397,      290006,空,平今,4971.0,1,2022-04-13 21:09:26
118,rb2210,SHFE,0_0_       52990,      291107,空,平今,4969.0,1,2022-04-13 21:09:31
119,rb2210,SHFE,0_0_       55533,      295690,空,平今,4968.0,1,2022-04-13 21:09:48
120,rb2210,SHFE,0_0_       52444,      299002,空,平今,4971.0,1,2022-04-13 21:10:00
121,rb2210,SHFE,0_0_       52444,      299007,空,平今,4971.0,1,2022-04-13 21:10:00
122,rb2210,SHFE,0_0_       57091,      299621,多,开,4970.0,2,2022-04-13 21:10:01
123,rb2210,SHFE,0_0_       57091,      299625,多,开,4970.0,2,2022-04-13 21:10:01
124,rb2210,SHFE,0_0_       57341,      299726,空,平今,4971.0,4,2022-04-13 21:10:01
125,rb2210,SHFE,0_0_       57922,      301286,多,开,4969.0,3,2022-04-13 21:10:05
126,rb2210,SHFE,0_0_       58064,      301655,空,平今,4970.0,1,2022-04-13 21:10:07
127,rb2210,SHFE,0_0_       58064,      301657,空,平今,4970.0,1,2022-04-13 21:10:07
128,rb2210,SHFE,0_0_       58064,      301688,空,平今,4970.0,2,2022-04-13 21:10:07
129,rb2210,SHFE,0_0_       58487,      302545,空,开,4970.0,4,2022-04-13 21:10:09
130,rb2210,SHFE,0_0_       58847,      302862,多,平今,4969.0,1,2022-04-13 21:10:10
131,rb2210,SHFE,0_0_       58847,      302903,多,平今,4969.0,1,2022-04-13 21:10:10
132,rb2210,SHFE,0_0_       59306,      304558,空,开,4969.0,2,2022-04-13 21:10:14
133,rb2210,SHFE,0_0_       59638,      305020,多,平今,4968.0,2,2022-04-13 21:10:16
134,rb2210,SHFE,0_0_       60694,      306621,多,平今,4968.0,1,2022-04-13 21:10:22
135,rb2210,SHFE,0_0_       54587,      309317,多,开,4966.0,3,2022-04-13 21:10:27
136,rb2210,SHFE,0_0_       61815,      309392,空,平今,4967.0,1,2022-04-13 21:10:27
137,rb2210,SHFE,0_0_       61815,      309401,空,平今,4967.0,2,2022-04-13 21:10:27
138,rb2210,SHFE,0_0_       62108,      310686,空,开,4967.0,1,2022-04-13 21:10:32
139,rb2210,SHFE,0_0_       62108,      310695,空,开,4967.0,1,2022-04-13 21:10:32
140,rb2210,SHFE,0_0_       62108,      310699,空,开,4967.0,1,2022-04-13 21:10:32
141,rb2210,SHFE,0_0_       62108,      310767,空,开,4967.0,1,2022-04-13 21:10:32
142,rb2210,SHFE,0_0_       67608,      319351,多,平今,4965.0,1,2022-04-13 21:11:03
143,rb2210,SHFE,0_0_       73565,      326328,空,开,4965.0,2,2022-04-13 21:11:31
144,rb2210,SHFE,0_0_       75595,      328983,多,开,4964.0,8,2022-04-13 21:11:44
145,rb2210,SHFE,0_0_       81199,      349279,空,平今,4960.0,1,2022-04-13 21:13:05
146,rb2210,SHFE,0_0_       92427,      357792,多,平今,4954.0,1,2022-04-13 21:13:45
147,rb2210,SHFE,0_0_       93976,      358939,多,平今,4955.0,1,2022-04-13 21:13:50
148,rb2210,SHFE,0_0_       93976,      359048,多,平今,4955.0,1,2022-04-13 21:13:50
149,rb2210,SHFE,0_0_       94711,      359694,空,平今,4956.000000000001,2,2022-04-13 21:13:54
150,rb2210,SHFE,0_0_       96102,      361766,空,开,4956.0,4,2022-04-13 21:14:03
151,rb2210,SHFE,0_0_      100493,      368545,多,平今,4956.0,1,2022-04-13 21:14:26
152,rb2210,SHFE,0_0_      102221,      369862,多,平今,4956.0,2,2022-04-13 21:14:33
153,rb2210,SHFE,0_0_      103099,      370850,空,平今,4957.0,1,2022-04-13 21:14:38
154,rb2210,SHFE,0_0_      103618,      372926,多,平今,4956.0,3,2022-04-13 21:14:49
155,rb2210,SHFE,0_0_      105358,      373599,空,开,4957.0,5,2022-04-13 21:14:52
156,rb2210,SHFE,0_0_      105358,      373600,空,开,4957.0,1,2022-04-13 21:14:52
157,rb2210,SHFE,0_0_      107564,      378509,多,平今,4958.0,1,2022-04-13 21:15:07
158,rb2210,SHFE,0_0_      107564,      378524,多,平今,4958.0,1,2022-04-13 21:15:07
159,rb2210,SHFE,0_0_      106044,      379897,多,平今,4956.0,6,2022-04-13 21:15:10
160,rb2210,SHFE,0_0_      112452,      387078,空,平今,4951.0,1,2022-04-13 21:15:34
161,rb2210,SHFE,0_0_      111932,      388623,空,平今,4952.0,1,2022-04-13 21:15:40
162,rb2210,SHFE,0_0_      111932,      388632,空,平今,4952.0,1,2022-04-13 21:15:40
163,rb2210,SHFE,0_0_      115796,      390466,多,开,4949.0,2,2022-04-13 21:15:48
164,rb2210,SHFE,0_0_      115849,      391666,空,平今,4950.000000000001,2,2022-04-13 21:15:53
165,rb2210,SHFE,0_0_      124107,      403047,多,开,4949.0,1,2022-04-13 21:16:42
166,rb2210,SHFE,0_0_      128609,      411416,空,平今,4950.0,1,2022-04-13 21:17:32
167,rb2210,SHFE,0_0_      132120,      419120,多,开,4949.0,4,2022-04-13 21:18:13
168,rb2210,SHFE,0_0_      139137,      419507,空,平今,4949.0,1,2022-04-13 21:18:14
169,rb2210,SHFE,0_0_      139137,      419556,空,平今,4949.0,2,2022-04-13 21:18:14
170,rb2210,SHFE,0_0_      139137,      419734,空,平今,4949.0,1,2022-04-13 21:18:15
171,rb2210,SHFE,0_0_      149329,      434655,多,开,4951.000000000001,2,2022-04-13 21:19:34
172,rb2210,SHFE,0_0_      110651,      438029,空,平今,4954.0,1,2022-04-13 21:19:56
173,rb2210,SHFE,0_0_      109257,      439832,空,开,4956.0,1,2022-04-13 21:20:03
174,rb2210,SHFE,0_0_      109257,      439864,空,开,4956.0,2,2022-04-13 21:20:04
175,rb2210,SHFE,0_0_      109257,      439865,空,开,4956.0,1,2022-04-13 21:20:04
176,rb2210,SHFE,0_0_      155667,      440618,多,平今,4956.0,3,2022-04-13 21:20:05
177,rb2210,SHFE,0_0_      155667,      440636,多,平今,4956.0,1,2022-04-13 21:20:06
178,rb2210,SHFE,0_0_      154124,      449615,多,开,4953.0,1,2022-04-13 21:20:52
179,rb2210,SHFE,0_0_      163438,      450686,空,平今,4954.0,1,2022-04-13 21:21:00
180,rb2210,SHFE,0_0_      164088,      453033,空,平今,4954.0,1,2022-04-13 21:21:12
181,rb2210,SHFE,0_0_      165822,      453415,多,开,4953.0,1,2022-04-13 21:21:15
182,rb2210,SHFE,0_0_      185365,      477841,空,开,4950.0,2,2022-04-13 21:23:34
183,rb2210,SHFE,0_0_      185365,      477846,空,开,4950.0,1,2022-04-13 21:23:34
184,rb2210,SHFE,0_0_      185365,      477941,空,开,4950.0,1,2022-04-13 21:23:35
185,rb2210,SHFE,0_0_      190953,      483509,空,开,4948.0,2,2022-04-13 21:24:01
186,rb2210,SHFE,0_0_      190953,      483548,空,开,4948.0,2,2022-04-13 21:24:01
187,rb2210,SHFE,0_0_      204114,      500515,多,平今,4950.0,4,2022-04-13 21:25:18
188,rb2210,SHFE,0_0_      205268,      500793,空,开,4951.0,4,2022-04-13 21:25:18
189,rb2210,SHFE,0_0_      205505,      502215,多,平今,4950.0,1,2022-04-13 21:25:25
190,rb2210,SHFE,0_0_      206782,      509990,空,开,4951.0,1,2022-04-13 21:26:08
191,rb2210,SHFE,0_0_      214493,      519801,多,平今,4950.0,1,2022-04-13 21:26:52
192,rb2210,SHFE,0_0_      222600,      519828,空,平今,4951.000000000001,1,2022-04-13 21:26:52
193,rb2210,SHFE,0_0_      225392,      522622,多,平今,4950.0,1,2022-04-13 21:27:11
194,rb2210,SHFE,0_0_      225867,      524165,空,平今,4951.0,1,2022-04-13 21:27:23
195,rb2210,SHFE,0_0_      228548,      528951,多,平今,4950.0,2,2022-04-13 21:27:55
196,rb2210,SHFE,0_0_      233705,      529854,空,开,4951.000000000001,2,2022-04-13 21:28:00
197,rb2210,SHFE,0_0_      243809,      538963,多,平今,4954.0,4,2022-04-13 21:28:55
198,rb2210,SHFE,0_0_      247740,      544088,多,开,4956.0,4,2022-04-13 21:29:18
199,rb2210,SHFE,0_0_      248139,      544785,多,开,4956.0,3,2022-04-13 21:29:21
200,rb2210,SHFE,0_0_      248770,      545029,空,平今,4957.0,1,2022-04-13 21:29:22
201,rb2210,SHFE,0_0_      248770,      545031,空,平今,4957.0,1,2022-04-13 21:29:22
202,rb2210,SHFE,0_0_      248770,      545033,空,平今,4957.0,1,2022-04-13 21:29:22
203,rb2210,SHFE,0_0_      248770,      545035,空,平今,4957.0,1,2022-04-13 21:29:22
204,rb2210,SHFE,0_0_      254902,      553992,多,平今,4959.0,2,2022-04-13 21:30:03
205,rb2210,SHFE,0_0_      248965,      558736,多,开,4956.0,5,2022-04-13 21:30:26
206,rb2210,SHFE,0_0_      259195,      558990,空,平今,4957.0,5,2022-04-13 21:30:28
207,rb2210,SHFE,0_0_      263342,      563391,空,开,4955.0,4,2022-04-13 21:30:50
208,rb2210,SHFE,0_0_      263555,      564494,多,平今,4954.0,2,2022-04-13 21:30:55
209,rb2210,SHFE,0_0_      263555,      564501,多,平今,4954.0,1,2022-04-13 21:30:55
210,rb2210,SHFE,0_0_      263555,      564504,多,平今,4954.0,1,2022-04-13 21:30:55
211,rb2210,SHFE,0_0_      264670,      564739,空,开,4955.0,1,2022-04-13 21:30:56
212,rb2210,SHFE,0_0_      264670,      564755,空,开,4955.0,3,2022-04-13 21:30:56
213,rb2210,SHFE,0_0_      265095,      565321,多,平今,4954.0,1,2022-04-13 21:30:58
214,rb2210,SHFE,0_0_      265272,      565399,空,平今,4955.0,1,2022-04-13 21:30:58
215,rb2210,SHFE,0_0_      265294,      565572,多,平今,4954.0,1,2022-04-13 21:30:59
216,rb2210,SHFE,0_0_      265408,      566499,空,开,4955.0,1,2022-04-13 21:31:04
217,rb2210,SHFE,0_0_      268439,      569190,多,开,4956.0,3,2022-04-13 21:31:17
218,rb2210,SHFE,0_0_      268846,      569194,空,平今,4957.0,3,2022-04-13 21:31:17
219,rb2210,SHFE,0_0_      268847,      569197,多,开,4956.0,1,2022-04-13 21:31:17
220,rb2210,SHFE,0_0_      268847,      569199,多,开,4956.0,2,2022-04-13 21:31:17
221,rb2210,SHFE,0_0_      268848,      569368,空,平今,4957.0,3,2022-04-13 21:31:18
222,rb2210,SHFE,0_0_      268880,      569430,多,开,4956.0,2,2022-04-13 21:31:18
223,rb2210,SHFE,0_0_      268880,      569431,多,开,4956.0,1,2022-04-13 21:31:18
224,rb2210,SHFE,0_0_      268963,      569491,空,平今,4957.0,2,2022-04-13 21:31:18
225,rb2210,SHFE,0_0_      268963,      569493,空,平今,4957.0,1,2022-04-13 21:31:18
226,rb2210,SHFE,0_0_      268984,      569798,多,开,4956.0,1,2022-04-13 21:31:20
227,rb2210,SHFE,0_0_      268984,      569820,多,开,4956.0,2,2022-04-13 21:31:20
228,rb2210,SHFE,0_0_      269375,      573742,空,平今,4957.0,1,2022-04-13 21:31:45
229,rb2210,SHFE,0_0_      269375,      573743,空,平今,4957.0,1,2022-04-13 21:31:45
230,rb2210,SHFE,0_0_      255057,      576599,空,平今,4960.0,2,2022-04-13 21:32:00
231,rb2210,SHFE,0_0_      275667,      577053,多,平今,4959.0,1,2022-04-13 21:32:03
232,rb2210,SHFE,0_0_      280309,      582541,多,平今,4958.0,1,2022-04-13 21:32:24
233,rb2210,SHFE,0_0_      287687,      602566,空,开,4959.0,2,2022-04-13 21:34:03
234,rb2210,SHFE,0_0_      294213,      605010,多,平今,4958.0,2,2022-04-13 21:34:14
235,rb2210,SHFE,0_0_      309266,      617570,空,开,4956.0,1,2022-04-13 21:35:30
236,rb2210,SHFE,0_0_      309266,      617571,空,开,4956.0,3,2022-04-13 21:35:30
237,rb2210,SHFE,0_0_      266048,      620864,多,平今,4954.0,1,2022-04-13 21:35:54
238,rb2210,SHFE,0_0_      325063,      635671,多,平今,4964.0,1,2022-04-13 21:37:36
239,rb2210,SHFE,0_0_      325063,      635704,多,平今,4964.0,1,2022-04-13 21:37:36
240,rb2210,SHFE,0_0_      325063,      635706,多,平今,4964.0,1,2022-04-13 21:37:36
241,rb2210,SHFE,0_0_      325063,      635712,多,平今,4964.0,1,2022-04-13 21:37:36
242,rb2210,SHFE,0_0_      326434,      637248,多,开,4966.000000000001,3,2022-04-13 21:37:42
243,rb2210,SHFE,0_0_      326473,      637528,空,平今,4967.0,1,2022-04-13 21:37:43
244,rb2210,SHFE,0_0_      326473,      637529,空,平今,4967.0,1,2022-04-13 21:37:43
245,rb2210,SHFE,0_0_      326473,      637534,空,平今,4967.0,1,2022-04-13 21:37:43
246,rb2210,SHFE,0_0_      329691,      643075,空,平今,4968.0,1,2022-04-13 21:38:09
247,rb2210,SHFE,0_0_      330749,      644324,多,开,4969.0,1,2022-04-13 21:38:15
248,rb2210,SHFE,0_0_      330749,      644355,多,开,4969.0,1,2022-04-13 21:38:15
249,rb2210,SHFE,0_0_      330749,      644384,多,开,4969.0,1,2022-04-13 21:38:15
250,rb2210,SHFE,0_0_      331802,      646076,多,开,4972.0,2,2022-04-13 21:38:20
251,rb2210,SHFE,0_0_      332044,      647725,空,平今,4973.0,3,2022-04-13 21:38:26
252,rb2210,SHFE,0_0_      332862,      647899,空,平今,4973.0,2,2022-04-13 21:38:26
253,rb2210,SHFE,0_0_      332883,      648628,多,开,4972.000000000001,1,2022-04-13 21:38:29
254,rb2210,SHFE,0_0_      332883,      648629,多,开,4972.000000000001,1,2022-04-13 21:38:29
255,rb2210,SHFE,0_0_      332883,      648638,多,开,4972.0,2,2022-04-13 21:38:29
256,rb2210,SHFE,0_0_      333362,      649044,空,平今,4973.0,1,2022-04-13 21:38:29
257,rb2210,SHFE,0_0_      333362,      649045,空,平今,4973.0,2,2022-04-13 21:38:29
258,rb2210,SHFE,0_0_      334185,      650822,空,开,4975.0,2,2022-04-13 21:38:35
259,rb2210,SHFE,0_0_      334185,      650830,空,开,4975.0,1,2022-04-13 21:38:35
260,rb2210,SHFE,0_0_      334185,      650833,空,开,4975.0,1,2022-04-13 21:38:35
261,rb2210,SHFE,0_0_      334319,      650957,空,开,4975.0,4,2022-04-13 21:38:35
262,rb2210,SHFE,0_0_      334372,      651156,多,平今,4974.0,4,2022-04-13 21:38:36
263,rb2210,SHFE,0_0_      334509,      651348,空,开,4974.000000000001,4,2022-04-13 21:38:37
264,rb2210,SHFE,0_0_      335247,      652465,空,平今,4973.0,1,2022-04-13 21:38:42
265,rb2210,SHFE,0_0_      333472,      652622,多,开,4972.0,4,2022-04-13 21:38:43
266,rb2210,SHFE,0_0_      335448,      653263,空,平今,4973.0,2,2022-04-13 21:38:46
267,rb2210,SHFE,0_0_      335448,      653288,空,平今,4973.0,1,2022-04-13 21:38:46
268,rb2210,SHFE,0_0_      335448,      653352,空,平今,4973.0,1,2022-04-13 21:38:47
269,rb2210,SHFE,0_0_      335982,      653495,多,平今,4972.0,2,2022-04-13 21:38:48
270,rb2210,SHFE,0_0_      335982,      653508,多,平今,4972.0,2,2022-04-13 21:38:48
271,rb2210,SHFE,0_0_      336114,      653754,空,开,4973.0,4,2022-04-13 21:38:49
272,rb2210,SHFE,0_0_      336281,      653806,多,平今,4972.0,4,2022-04-13 21:38:49
273,rb2210,SHFE,0_0_      336285,      654139,空,开,4973.0,1,2022-04-13 21:38:52
274,rb2210,SHFE,0_0_      336285,      654158,空,开,4973.0,3,2022-04-13 21:38:52
275,rb2210,SHFE,0_0_      336485,      654255,多,平今,4972.0,3,2022-04-13 21:38:52
276,rb2210,SHFE,0_0_      337688,      656296,多,平今,4972.0,5,2022-04-13 21:39:02
277,rb2210,SHFE,0_0_      336555,      658983,空,开,4973.0,3,2022-04-13 21:39:14
278,rb2210,SHFE,0_0_      339988,      659279,多,平今,4972.0,3,2022-04-13 21:39:16
279,rb2210,SHFE,0_0_      344198,      664217,空,开,4973.000000000001,2,2022-04-13 21:39:51
280,rb2210,SHFE,0_0_      345949,      667292,多,平今,4973.0,2,2022-04-13 21:40:05
281,rb2210,SHFE,0_0_      346122,      667317,多,开,4973.0,3,2022-04-13 21:40:05
282,rb2210,SHFE,0_0_      349040,      670466,空,开,4970.0,4,2022-04-13 21:40:23
283,rb2210,SHFE,0_0_      350341,      672420,空,平今,4972.0,2,2022-04-13 21:40:32
284,rb2210,SHFE,0_0_      350937,      673270,多,平今,4972.0,2,2022-04-13 21:40:37
285,rb2210,SHFE,0_0_      351297,      673747,多,平今,4972.0,1,2022-04-13 21:40:42
286,rb2210,SHFE,0_0_      351340,      673897,多,平今,4972.0,1,2022-04-13 21:40:44
287,rb2210,SHFE,0_0_      351589,      674367,空,开,4973.0,2,2022-04-13 21:40:47
288,rb2210,SHFE,0_0_      351790,      680918,多,平今,4972.0,2,2022-04-13 21:41:21
289,rb2210,SHFE,0_0_      357914,      683889,空,开,4976.0,2,2022-04-13 21:41:34
290,rb2210,SHFE,0_0_      357914,      683891,空,开,4976.0,1,2022-04-13 21:41:34
291,rb2210,SHFE,0_0_      357914,      683892,空,开,4976.0,4,2022-04-13 21:41:34
292,rb2210,SHFE,0_0_      358184,      684475,多,平今,4975.0,3,2022-04-13 21:41:37
293,rb2210,SHFE,0_0_      356792,      687640,多,开,4973.0,2,2022-04-13 21:41:56
294,rb2210,SHFE,0_0_      361527,      688533,多,平今,4975.0,1,2022-04-13 21:42:00
295,rb2210,SHFE,0_0_      361527,      688627,多,平今,4975.0,1,2022-04-13 21:42:00
296,rb2210,SHFE,0_0_      361527,      688628,多,平今,4975.0,2,2022-04-13 21:42:00
297,rb2210,SHFE,0_0_      361703,      688799,多,开,4975.0,4,2022-04-13 21:42:01
298,rb2210,SHFE,0_0_      362264,      697449,空,平今,4975.0,2,2022-04-13 21:42:50
299,rb2210,SHFE,0_0_      369137,      697898,多,开,4974.0,2,2022-04-13 21:42:52
300,rb2210,SHFE,0_0_      369635,      698343,多,开,4975.0,1,2022-04-13 21:42:57
301,rb2210,SHFE,0_0_      370442,      701131,空,平今,4977.0,1,2022-04-13 21:43:10
302,rb2210,SHFE,0_0_      372263,      702407,空,平今,4975.0,1,2022-04-13 21:43:19
303,rb2210,SHFE,0_0_      372684,      703370,多,开,4974.0,2,2022-04-13 21:43:29
304,rb2210,SHFE,0_0_      375903,      706584,空,开,4974.0,3,2022-04-13 21:43:46
305,rb2210,SHFE,0_0_      379130,      715745,空,开,4974.0,3,2022-04-13 21:44:21
306,rb2210,SHFE,0_0_      371510,      720777,空,平今,4977.0,1,2022-04-13 21:44:40
307,rb2210,SHFE,0_0_      371510,      720778,空,平今,4977.0,2,2022-04-13 21:44:40
308,rb2210,SHFE,0_0_      371510,      721104,空,平今,4977.0,1,2022-04-13 21:44:42
309,rb2210,SHFE,0_0_      371510,      721107,空,平今,4977.0,2,2022-04-13 21:44:42
310,rb2210,SHFE,0_0_      384239,      721129,多,平今,4976.0,1,2022-04-13 21:44:42
311,rb2210,SHFE,0_0_      384809,      721450,多,平今,4976.0,1,2022-04-13 21:44:44
312,rb2210,SHFE,0_0_      384809,      721456,多,平今,4976.0,1,2022-04-13 21:44:44
313,rb2210,SHFE,0_0_      385517,      722589,多,开,4976.0,4,2022-04-13 21:44:48
314,rb2210,SHFE,0_0_      385840,      722968,空,平今,4977.0,2,2022-04-13 21:44:50
315,rb2210,SHFE,0_0_      385840,      722970,空,平今,4977.0,1,2022-04-13 21:44:50
316,rb2210,SHFE,0_0_      385840,      722990,空,平今,4977.0,1,2022-04-13 21:44:50
317,rb2210,SHFE,0_0_      386045,      723495,多,开,4976.0,4,2022-04-13 21:44:53
318,rb2210,SHFE,0_0_      386594,      724532,空,平今,4977.0,4,2022-04-13 21:44:58
319,rb2210,SHFE,0_0_      388409,      726207,多,开,4977.0,4,2022-04-13 21:45:04
320,rb2210,SHFE,0_0_      388409,      726208,多,开,4977.0,1,2022-04-13 21:45:04
321,rb2210,SHFE,0_0_      388748,      728161,空,平今,4975.0,6,2022-04-13 21:45:09
322,rb2210,SHFE,0_0_      381368,      730815,多,平今,4972.0,1,2022-04-13 21:45:17
323,rb2210,SHFE,0_0_      390925,      730879,空,开,4973.0,5,2022-04-13 21:45:17
324,rb2210,SHFE,0_0_      391512,      731832,多,平今,4971.0,4,2022-04-13 21:45:20
325,rb2210,SHFE,0_0_      391791,      732129,多,开,4971.0,4,2022-04-13 21:45:21
326,rb2210,SHFE,0_0_      391878,      733129,空,平今,4972.0,4,2022-04-13 21:45:24
327,rb2210,SHFE,0_0_      392373,      733137,多,开,4971.0,1,2022-04-13 21:45:24
328,rb2210,SHFE,0_0_      392373,      733138,多,开,4971.0,2,2022-04-13 21:45:24
329,rb2210,SHFE,0_0_      392373,      733143,多,开,4971.0,1,2022-04-13 21:45:24
330,rb2210,SHFE,0_0_      392376,      733665,空,平今,4972.0,4,2022-04-13 21:45:26
331,rb2210,SHFE,0_0_      392802,      733759,多,开,4971.0,4,2022-04-13 21:45:27
332,rb2210,SHFE,0_0_      392912,      733842,空,开,4972.0,2,2022-04-13 21:45:27
333,rb2210,SHFE,0_0_      392912,      733860,空,开,4972.0,3,2022-04-13 21:45:27
334,rb2210,SHFE,0_0_      393000,      733888,多,平今,4971.0,1,2022-04-13 21:45:28
335,rb2210,SHFE,0_0_      393000,      733902,多,平今,4971.0,4,2022-04-13 21:45:28
336,rb2210,SHFE,0_0_      396140,      739403,空,平今,4972.0,2,2022-04-13 21:45:43
337,rb2210,SHFE,0_0_      397799,      742333,多,平今,4971.000000000001,3,2022-04-13 21:45:52
338,rb2210,SHFE,0_0_      398167,      754927,空,平今,4972.0,2,2022-04-13 21:46:47
339,rb2210,SHFE,0_0_      404683,      761114,多,开,4968.0,1,2022-04-13 21:47:22
340,rb2210,SHFE,0_0_      414356,      761144,空,平今,4969.0,1,2022-04-13 21:47:22
341,rb2210,SHFE,0_0_      417722,      765146,空,开,4969.0,1,2022-04-13 21:47:44
342,rb2210,SHFE,0_0_      425662,      773499,空,开,4971.0,3,2022-04-13 21:48:26
343,rb2210,SHFE,0_0_      426344,      774395,多,平今,4971.0,1,2022-04-13 21:48:31
344,rb2210,SHFE,0_0_      432460,      780929,多,开,4972.0,4,2022-04-13 21:49:21
345,rb2210,SHFE,0_0_      433313,      781702,多,平今,4973.0,1,2022-04-13 21:49:27
346,rb2210,SHFE,0_0_      433313,      781703,多,平今,4973.0,1,2022-04-13 21:49:27
347,rb2210,SHFE,0_0_      434554,      782831,空,平今,4974.0,1,2022-04-13 21:49:37
348,rb2210,SHFE,0_0_      434554,      782836,空,平今,4974.0,1,2022-04-13 21:49:37
349,rb2210,SHFE,0_0_      434554,      782838,空,平今,4974.0,1,2022-04-13 21:49:37
350,rb2210,SHFE,0_0_      434554,      782839,空,平今,4974.0,1,2022-04-13 21:49:37
351,rb2210,SHFE,0_0_      388488,      786504,空,平今,4977.0,1,2022-04-13 21:50:01
352,rb2210,SHFE,0_0_      437656,      786890,多,开,4976.0,4,2022-04-13 21:50:02
353,rb2210,SHFE,0_0_      435329,      788280,多,开,4973.0,2,2022-04-13 21:50:10
354,rb2210,SHFE,0_0_      443697,      798045,空,平今,4972.0,1,2022-04-13 21:51:08
355,rb2210,SHFE,0_0_      437995,      805517,空,平今,4976.0,4,2022-04-13 21:52:04
356,rb2210,SHFE,0_0_      456251,      807441,空,平今,4976.000000000001,1,2022-04-13 21:52:17
357,rb2210,SHFE,0_0_      455609,      808568,空,开,4977.0,4,2022-04-13 21:52:23
358,rb2210,SHFE,0_0_      457397,      810983,多,平今,4976.0,4,2022-04-13 21:52:34
359,rb2210,SHFE,0_0_      458941,      811034,空,开,4977.0,4,2022-04-13 21:52:35
360,rb2210,SHFE,0_0_      456441,      811549,多,开,4975.0,5,2022-04-13 21:52:36
361,rb2210,SHFE,0_0_      459411,      811829,空,平今,4976.0,1,2022-04-13 21:52:37
362,rb2210,SHFE,0_0_      459411,      811894,空,平今,4976.0,1,2022-04-13 21:52:38
363,rb2210,SHFE,0_0_      459411,      811895,空,平今,4976.0,3,2022-04-13 21:52:38
364,rb2210,SHFE,0_0_      460016,      812699,多,平今,4976.0,2,2022-04-13 21:52:46
365,rb2210,SHFE,0_0_      459776,      812884,多,开,4975.0,1,2022-04-13 21:52:49
366,rb2210,SHFE,0_0_      459776,      812885,多,开,4975.0,7,2022-04-13 21:52:49
367,rb2210,SHFE,0_0_      460767,      812960,空,平今,4976.0,4,2022-04-13 21:52:49
368,rb2210,SHFE,0_0_      460767,      812961,空,平今,4976.0,2,2022-04-13 21:52:49
369,rb2210,SHFE,0_0_      460767,      812977,空,平今,4976.0,1,2022-04-13 21:52:49
370,rb2210,SHFE,0_0_      460767,      812978,空,平今,4976.0,1,2022-04-13 21:52:49
371,rb2210,SHFE,0_0_      461700,      814423,空,开,4977.0,2,2022-04-13 21:53:01
372,rb2210,SHFE,0_0_      463913,      816637,多,平今,4977.0,4,2022-04-13 21:53:15
373,rb2210,SHFE,0_0_      464115,      816918,多,开,4977.0,8,2022-04-13 21:53:17
374,rb2210,SHFE,0_0_      465152,      818199,多,平今,4979.0,1,2022-04-13 21:53:24
375,rb2210,SHFE,0_0_      465974,      820834,空,平今,4982.0,4,2022-04-13 21:53:29
376,rb2210,SHFE,0_0_      466111,      821146,空,平今,4982.0,2,2022-04-13 21:53:31
377,rb2210,SHFE,0_0_      466453,      821414,多,开,4981.000000000001,1,2022-04-13 21:53:32
378,rb2210,SHFE,0_0_      466531,      821663,空,开,4981.0,5,2022-04-13 21:53:33
379,rb2210,SHFE,0_0_      466956,      822542,多,平今,4980.0,4,2022-04-13 21:53:37
380,rb2210,SHFE,0_0_      467371,      822827,空,平今,4981.0,2,2022-04-13 21:53:39
381,rb2210,SHFE,0_0_      467575,      823956,多,开,4980.0,1,2022-04-13 21:53:47
382,rb2210,SHFE,0_0_      467575,      824063,多,开,4980.0,1,2022-04-13 21:53:48
383,rb2210,SHFE,0_0_      468734,      824848,空,平今,4981.0,2,2022-04-13 21:53:54
384,rb2210,SHFE,0_0_      469028,      825141,空,开,4981.0,3,2022-04-13 21:53:56
385,rb2210,SHFE,0_0_      469173,      825232,空,平今,4981.0,1,2022-04-13 21:53:57
386,rb2210,SHFE,0_0_      469469,      826030,多,平今,4981.0,4,2022-04-13 21:54:01
387,rb2210,SHFE,0_0_      469691,      827824,空,开,4982.0,1,2022-04-13 21:54:11
388,rb2210,SHFE,0_0_      469691,      827838,空,开,4982.0,5,2022-04-13 21:54:11
389,rb2210,SHFE,0_0_      471260,      828254,空,开,4982.0,1,2022-04-13 21:54:14
390,rb2210,SHFE,0_0_      471260,      828256,空,开,4982.0,1,2022-04-13 21:54:14
391,rb2210,SHFE,0_0_      471389,      830526,多,平今,4981.0,4,2022-04-13 21:54:29
392,rb2210,SHFE,0_0_      472932,      830993,空,开,4982.0,1,2022-04-13 21:54:31
393,rb2210,SHFE,0_0_      473359,      831426,多,平今,4982.0,2,2022-04-13 21:54:35
394,rb2210,SHFE,0_0_      473445,      831872,多,开,4982.0,4,2022-04-13 21:54:38
395,rb2210,SHFE,0_0_      473868,      832460,空,平今,4983.0,4,2022-04-13 21:54:43
396,rb2210,SHFE,0_0_      474301,      834007,多,开,4982.0,6,2022-04-13 21:54:52
397,rb2210,SHFE,0_0_      475376,      834083,空,平今,4983.0,6,2022-04-13 21:54:53
398,rb2210,SHFE,0_0_      475640,      834877,多,平今,4983.0,1,2022-04-13 21:54:56
399,rb2210,SHFE,0_0_      476219,      835354,空,开,4984.0,4,2022-04-13 21:54:59
400,rb2210,SHFE,0_0_      476653,      836107,多,平今,4984.0,3,2022-04-13 21:55:03
401,rb2210,SHFE,0_0_      477680,      838060,多,平今,4984.0,1,2022-04-13 21:55:11
402,rb2210,SHFE,0_0_      477680,      838066,多,平今,4984.0,2,2022-04-13 21:55:11
403,rb2210,SHFE,0_0_      479292,      841067,空,开,4987.0,1,2022-04-13 21:55:25
404,rb2210,SHFE,0_0_      479415,      841824,空,开,4988.0,3,2022-04-13 21:55:27
405,rb2210,SHFE,0_0_      480552,      845169,空,开,4991.0,3,2022-04-13 21:55:38
406,rb2210,SHFE,0_0_      481081,      846922,多,平今,4989.0,1,2022-04-13 21:55:47
407,rb2210,SHFE,0_0_      481081,      846942,多,平今,4989.0,2,2022-04-13 21:55:47
408,rb2210,SHFE,0_0_      481306,      847210,空,开,4990.0,1,2022-04-13 21:55:48
409,rb2210,SHFE,0_0_      481459,      848811,空,开,4990.0,1,2022-04-13 21:55:55
410,rb2210,SHFE,0_0_      482149,      848952,多,平今,4989.0,1,2022-04-13 21:55:56
411,rb2210,SHFE,0_0_      483307,      850934,空,开,4990.0,2,2022-04-13 21:56:04
412,rb2210,SHFE,0_0_      482215,      852720,多,平今,4989.0,1,2022-04-13 21:56:11
413,rb2210,SHFE,0_0_      482215,      852746,多,平今,4989.0,1,2022-04-13 21:56:11
414,rb2210,SHFE,0_0_      484309,      852946,空,开,4990.0,1,2022-04-13 21:56:12
415,rb2210,SHFE,0_0_      484410,      853054,空,开,4990.0,1,2022-04-13 21:56:13
416,rb2210,SHFE,0_0_      484739,      853836,多,平今,4988.0,1,2022-04-13 21:56:17
417,rb2210,SHFE,0_0_      484739,      853849,多,平今,4988.0,1,2022-04-13 21:56:17
418,rb2210,SHFE,0_0_      484739,      853853,多,平今,4988.0,1,2022-04-13 21:56:17
419,rb2210,SHFE,0_0_      484995,      853950,空,开,4989.0,2,2022-04-13 21:56:18
420,rb2210,SHFE,0_0_      484995,      853966,空,开,4989.0,1,2022-04-13 21:56:18
421,rb2210,SHFE,0_0_      485127,      854185,多,平今,4988.0,1,2022-04-13 21:56:19
422,rb2210,SHFE,0_0_      485127,      854186,多,平今,4988.0,1,2022-04-13 21:56:19
423,rb2210,SHFE,0_0_      485127,      854212,多,平今,4988.0,1,2022-04-13 21:56:19
424,rb2210,SHFE,0_0_      479422,      854840,多,平今,4987.0,1,2022-04-13 21:56:22
425,rb2210,SHFE,0_0_      479422,      854842,多,平今,4987.0,1,2022-04-13 21:56:22
426,rb2210,SHFE,0_0_      479422,      854845,多,平今,4987.0,1,2022-04-13 21:56:22
427,rb2210,SHFE,0_0_      485991,      855584,空,开,4988.0,3,2022-04-13 21:56:25
428,rb2210,SHFE,0_0_      486008,      855595,空,开,4988.0,2,2022-04-13 21:56:25
429,rb2210,SHFE,0_0_      485694,      856137,空,开,4989.0,1,2022-04-13 21:56:27
430,rb2210,SHFE,0_0_      486741,      856421,多,平今,4989.0,1,2022-04-13 21:56:28
431,rb2210,SHFE,0_0_      486741,      856430,多,平今,4989.0,1,2022-04-13 21:56:28
432,rb2210,SHFE,0_0_      486741,      856432,多,平今,4989.0,3,2022-04-13 21:56:28
433,rb2210,SHFE,0_0_      487728,      858128,空,开,4990.0,1,2022-04-13 21:56:37
434,rb2210,SHFE,0_0_      488300,      858914,空,开,4990.0,2,2022-04-13 21:56:41
435,rb2210,SHFE,0_0_      488416,      859372,多,平今,4990.0,2,2022-04-13 21:56:43
436,rb2210,SHFE,0_0_      488539,      859478,空,开,4991.0,2,2022-04-13 21:56:44
437,rb2210,SHFE,0_0_      488720,      860122,空,开,4991.0,2,2022-04-13 21:56:47
438,rb2210,SHFE,0_0_      488811,      860144,多,平今,4990.0,2,2022-04-13 21:56:47
439,rb2210,SHFE,0_0_      488823,      860175,多,平今,4990.0,3,2022-04-13 21:56:47
440,rb2210,SHFE,0_0_      488979,      861424,空,开,4991.0,3,2022-04-13 21:56:58
441,rb2210,SHFE,0_0_      488979,      861425,空,开,4991.0,1,2022-04-13 21:56:58
442,rb2210,SHFE,0_0_      489738,      861445,多,平今,4990.0,4,2022-04-13 21:56:58
443,rb2210,SHFE,0_0_      489750,      861817,空,开,4991.0,2,2022-04-13 21:57:01
444,rb2210,SHFE,0_0_      490036,      862164,多,平今,4990.0,3,2022-04-13 21:57:04
445,rb2210,SHFE,0_0_      490239,      863003,空,开,4991.0,4,2022-04-13 21:57:08
446,rb2210,SHFE,0_0_      490568,      863162,多,平今,4990.0,3,2022-04-13 21:57:09
447,rb2210,SHFE,0_0_      486708,      863715,多,平今,4988.0,1,2022-04-13 21:57:11
448,rb2210,SHFE,0_0_      492014,      866576,空,开,4987.0,1,2022-04-13 21:57:26
449,rb2210,SHFE,0_0_      492099,      867311,多,平今,4986.0,1,2022-04-13 21:57:29
450,rb2210,SHFE,0_0_      492381,      867699,空,开,4987.0,1,2022-04-13 21:57:32
451,rb2210,SHFE,0_0_      492799,      868253,空,开,4987.0,3,2022-04-13 21:57:34
452,rb2210,SHFE,0_0_      492952,      868294,多,平今,4986.0,3,2022-04-13 21:57:35
453,rb2210,SHFE,0_0_      495132,      872456,多,平今,4986.0,2,2022-04-13 21:57:59
454,rb2210,SHFE,0_0_      495710,      873506,空,开,4987.0,1,2022-04-13 21:58:05
455,rb2210,SHFE,0_0_      498103,      876637,空,开,4987.0,1,2022-04-13 21:58:24
456,rb2210,SHFE,0_0_      498386,      876681,多,平今,4986.0,1,2022-04-13 21:58:24
457,rb2210,SHFE,0_0_      498395,      877010,空,开,4987.0,1,2022-04-13 21:58:26
458,rb2210,SHFE,0_0_      498806,      877205,多,平今,4986.0,1,2022-04-13 21:58:28
459,rb2210,SHFE,0_0_      499061,      878365,空,开,4987.0,1,2022-04-13 21:58:39
460,rb2210,SHFE,0_0_      500143,      878390,多,平今,4986.0,1,2022-04-13 21:58:39
461,rb2210,SHFE,0_0_      501358,      879873,空,开,4986.0,1,2022-04-13 21:58:53
462,rb2210,SHFE,0_0_      502462,      881593,多,平今,4987.0,2,2022-04-13 21:59:05
463,rb2210,SHFE,0_0_      503120,      884553,空,开,4988.0,1,2022-04-13 21:59:33
464,rb2210,SHFE,0_0_      490977,      884743,空,开,4989.0,1,2022-04-13 21:59:34
465,rb2210,SHFE,0_0_      506161,      885206,空,开,4989.0,1,2022-04-13 21:59:37
466,rb2210,SHFE,0_0_      490741,      885712,空,开,4990.0,1,2022-04-13 21:59:42
467,rb2210,SHFE,0_0_      490741,      885748,空,开,4990.0,1,2022-04-13 21:59:42
468,rb2210,SHFE,0_0_      506810,      885796,多,平今,4989.0,1,2022-04-13 21:59:43
469,rb2210,SHFE,0_0_      507013,      886038,多,平今,4989.0,1,2022-04-13 21:59:44
470,rb2210,SHFE,0_0_      507388,      887124,空,开,4991.0,1,2022-04-13 21:59:52
471,rb2210,SHFE,0_0_      507388,      887125,空,开,4991.0,1,2022-04-13 21:59:52
472,rb2210,SHFE,0_0_      507459,      887934,多,平今,4990.0,1,2022-04-13 21:59:57
473,rb2210,SHFE,0_0_      507459,      887987,多,平今,4990.0,1,2022-04-13 21:59:57
474,rb2210,SHFE,0_0_      509191,      891771,多,开,4990.0,4,2022-04-13 22:00:05
475,rb2210,SHFE,0_0_      510097,      893138,空,平今,4990.0,1,2022-04-13 22:00:10
476,rb2210,SHFE,0_0_      511551,      895877,多,开,4991.0,2,2022-04-13 22:00:26
477,rb2210,SHFE,0_0_      513998,      897322,空,平今,4991.0,1,2022-04-13 22:00:34
478,rb2210,SHFE,0_0_      513998,      897372,空,平今,4991.0,2,2022-04-13 22:00:34
479,rb2210,SHFE,0_0_      514344,      898092,空,开,4991.0,3,2022-04-13 22:00:40
480,rb2210,SHFE,0_0_      514667,      898887,多,平今,4990.0,3,2022-04-13 22:00:46
481,rb2210,SHFE,0_0_      515624,      899103,空,开,4990.0,4,2022-04-13 22:00:48
482,rb2210,SHFE,0_0_      515873,      899712,多,平今,4989.0,4,2022-04-13 22:00:54
483,rb2210,SHFE,0_0_      516397,      899777,空,开,4990.0,4,2022-04-13 22:00:55
484,rb2210,SHFE,0_0_      516462,      899952,多,开,4989.0,2,2022-04-13 22:00:57
485,rb2210,SHFE,0_0_      516462,      899956,多,开,4989.0,1,2022-04-13 22:00:57
486,rb2210,SHFE,0_0_      516462,      899989,多,开,4989.0,1,2022-04-13 22:00:58
487,rb2210,SHFE,0_0_      516462,      899994,多,开,4989.0,1,2022-04-13 22:00:58
488,rb2210,SHFE,0_0_      516709,      900172,多,平今,4989.0,3,2022-04-13 22:00:59
489,rb2210,SHFE,0_0_      506412,      900200,多,平今,4988.0,3,2022-04-13 22:00:59
490,rb2210,SHFE,0_0_      516782,      900225,空,平今,4989.0,6,2022-04-13 22:00:59
491,rb2210,SHFE,0_0_      516782,      900226,空,平今,4989.0,1,2022-04-13 22:00:59
492,rb2210,SHFE,0_0_      516834,      900372,空,开,4990.0,7,2022-04-13 22:01:00
493,rb2210,SHFE,0_0_      516949,      901870,多,平今,4989.0,3,2022-04-13 22:01:07
494,rb2210,SHFE,0_0_      520694,      904196,多,平今,4989.0,2,2022-04-13 22:01:27
495,rb2210,SHFE,0_0_      522439,      907392,空,开,4990.000000000001,2,2022-04-13 22:01:56
496,rb2210,SHFE,0_0_      525241,      909209,多,开,4992.0,2,2022-04-13 22:02:05
497,rb2210,SHFE,0_0_      525805,      910620,多,开,4993.0,3,2022-04-13 22:02:11
498,rb2210,SHFE,0_0_      528921,      914347,多,开,4993.0,3,2022-04-13 22:02:43
499,rb2210,SHFE,0_0_      524281,      919728,多,平今,4990.0,4,2022-04-13 22:03:17
500,rb2210,SHFE,0_0_      536188,      922522,空,平今,4988.0,1,2022-04-13 22:03:35
501,rb2210,SHFE,0_0_      536188,      922555,空,平今,4988.0,1,2022-04-13 22:03:35
502,rb2210,SHFE,0_0_      536188,      922556,空,平今,4988.0,1,2022-04-13 22:03:35
503,rb2210,SHFE,0_0_      536188,      922628,空,平今,4988.0,1,2022-04-13 22:03:35
504,rb2210,SHFE,0_0_      536188,      922630,空,平今,4988.0,1,2022-04-13 22:03:35
505,rb2210,SHFE,0_0_      544564,      930361,多,开,4991.0,1,2022-04-13 22:04:34
506,rb2210,SHFE,0_0_      544564,      930364,多,开,4991.0,1,2022-04-13 22:04:34
507,rb2210,SHFE,0_0_      544564,      930369,多,开,4991.0,1,2022-04-13 22:04:34
508,rb2210,SHFE,0_0_      544564,      930411,多,开,4991.0,1,2022-04-13 22:04:35
509,rb2210,SHFE,0_0_      544628,      934512,空,平今,4992.0,1,2022-04-13 22:05:10
510,rb2210,SHFE,0_0_      553650,      939794,空,平今,4992.0,3,2022-04-13 22:05:47
511,rb2210,SHFE,0_0_      554877,      941352,多,开,4993.0,2,2022-04-13 22:05:58
512,rb2210,SHFE,0_0_      554877,      941360,多,开,4993.0,1,2022-04-13 22:05:58
513,rb2210,SHFE,0_0_      555689,      941905,空,开,4994.0,7,2022-04-13 22:06:01
514,rb2210,SHFE,0_0_      555849,      942028,多,平今,4993.0,3,2022-04-13 22:06:01
515,rb2210,SHFE,0_0_      548407,      943835,多,开,4991.0,2,2022-04-13 22:06:15
516,rb2210,SHFE,0_0_      558331,      944087,空,平今,4991.0,4,2022-04-13 22:06:17
517,rb2210,SHFE,0_0_      558448,      944375,多,平今,4990.0,3,2022-04-13 22:06:18
518,rb2210,SHFE,0_0_      558631,      944444,多,平今,4990.0,2,2022-04-13 22:06:19
519,rb2210,SHFE,0_0_      560392,      946091,空,开,4990.0,1,2022-04-13 22:06:36
520,rb2210,SHFE,0_0_      562393,      948307,空,开,4988.0,5,2022-04-13 22:06:55
521,rb2210,SHFE,0_0_      562971,      948389,多,平今,4987.0,1,2022-04-13 22:06:56
522,rb2210,SHFE,0_0_      562971,      948395,多,平今,4987.0,1,2022-04-13 22:06:56
523,rb2210,SHFE,0_0_      564951,      951775,空,平今,4985.0,4,2022-04-13 22:07:15
524,rb2210,SHFE,0_0_      565564,      954848,多,平今,4983.0,4,2022-04-13 22:07:33
525,rb2210,SHFE,0_0_      566676,      954899,空,开,4984.0,1,2022-04-13 22:07:33
526,rb2210,SHFE,0_0_      566676,      955003,空,开,4984.0,3,2022-04-13 22:07:33
527,rb2210,SHFE,0_0_      566681,      955010,多,平今,4984.0,3,2022-04-13 22:07:33
528,rb2210,SHFE,0_0_      566681,      955011,多,平今,4984.0,1,2022-04-13 22:07:33
529,rb2210,SHFE,0_0_      567837,      956273,多,开,4983.0,3,2022-04-13 22:07:45
530,rb2210,SHFE,0_0_      567953,      956579,多,开,4982.0,3,2022-04-13 22:07:49
531,rb2210,SHFE,0_0_      567962,      957271,空,平今,4983.0,1,2022-04-13 22:07:54
532,rb2210,SHFE,0_0_      567962,      957290,空,平今,4983.0,1,2022-04-13 22:07:54
533,rb2210,SHFE,0_0_      567962,      957295,空,平今,4983.0,1,2022-04-13 22:07:54
534,rb2210,SHFE,0_0_      568340,      957406,多,开,4982.0,4,2022-04-13 22:07:56
535,rb2210,SHFE,0_0_      568493,      957985,多,开,4982.000000000001,1,2022-04-13 22:08:00
536,rb2210,SHFE,0_0_      570801,      962134,空,平今,4980.0,4,2022-04-13 22:08:30
537,rb2210,SHFE,0_0_      571087,      962669,空,平今,4980.0,1,2022-04-13 22:08:35
538,rb2210,SHFE,0_0_      571219,      962700,多,开,4979.0,1,2022-04-13 22:08:35
539,rb2210,SHFE,0_0_      571267,      963361,空,平今,4980.0,1,2022-04-13 22:08:38
540,rb2210,SHFE,0_0_      573421,      965532,空,平今,4979.0,2,2022-04-13 22:08:51
541,rb2210,SHFE,0_0_      574849,      967662,多,开,4979.0,4,2022-04-13 22:09:03
542,rb2210,SHFE,0_0_      576085,      969627,空,平今,4979.0,4,2022-04-13 22:09:17
543,rb2210,SHFE,0_0_      580054,      973775,空,开,4978.0,1,2022-04-13 22:09:51
544,rb2210,SHFE,0_0_      576432,      974380,空,开,4979.0,1,2022-04-13 22:09:54
545,rb2210,SHFE,0_0_      576432,      974407,空,开,4979.0,2,2022-04-13 22:09:55
546,rb2210,SHFE,0_0_      581170,      975128,多,平今,4978.0,2,2022-04-13 22:10:01
547,rb2210,SHFE,0_0_      582548,      978785,多,开,4980.0,6,2022-04-13 22:10:26
548,rb2210,SHFE,0_0_      586832,      981461,多,平今,4980.0,1,2022-04-13 22:10:46
549,rb2210,SHFE,0_0_      586832,      981482,多,平今,4980.0,1,2022-04-13 22:10:46
550,rb2210,SHFE,0_0_      589477,      984832,空,平今,4979.0,4,2022-04-13 22:11:08
551,rb2210,SHFE,0_0_      589618,      985049,多,开,4979.0,2,2022-04-13 22:11:09
552,rb2210,SHFE,0_0_      602886,      998532,空,平今,4982.0,1,2022-04-13 22:13:27
553,rb2210,SHFE,0_0_      603877,      999524,空,平今,4982.0,2,2022-04-13 22:13:32
554,rb2210,SHFE,0_0_      604611,     1000171,多,开,4981.0,4,2022-04-13 22:13:35
555,rb2210,SHFE,0_0_      604991,     1001093,空,平今,4981.0,2,2022-04-13 22:13:38
556,rb2210,SHFE,0_0_      605137,     1001891,多,开,4980.0,2,2022-04-13 22:13:45
557,rb2210,SHFE,0_0_      605685,     1003534,空,平今,4981.0,1,2022-04-13 22:14:00
558,rb2210,SHFE,0_0_      605685,     1003535,空,平今,4981.0,1,2022-04-13 22:14:00
559,rb2210,SHFE,0_0_      606089,     1003803,空,平今,4981.0,2,2022-04-13 22:14:02
560,rb2210,SHFE,0_0_      606089,     1003847,空,平今,4981.0,1,2022-04-13 22:14:03
561,rb2210,SHFE,0_0_      611677,     1008933,空,开,4975.0,1,2022-04-13 22:14:34
562,rb2210,SHFE,0_0_      611986,     1009385,空,开,4975.0,1,2022-04-13 22:14:35
563,rb2210,SHFE,0_0_      612514,     1010036,多,开,4975.0,1,2022-04-13 22:14:39
564,rb2210,SHFE,0_0_      612514,     1010046,多,开,4975.0,5,2022-04-13 22:14:39
565,rb2210,SHFE,0_0_      609562,     1013449,空,开,4978.0,1,2022-04-13 22:15:03
566,rb2210,SHFE,0_0_      609562,     1013462,空,开,4978.0,3,2022-04-13 22:15:03
567,rb2210,SHFE,0_0_      615524,     1013478,多,平今,4977.0,4,2022-04-13 22:15:03
568,rb2210,SHFE,0_0_      612690,     1015509,多,平今,4975.0,1,2022-04-13 22:15:18
569,rb2210,SHFE,0_0_      617595,     1016365,空,开,4975.0,1,2022-04-13 22:15:23
570,rb2210,SHFE,0_0_      617595,     1016427,空,开,4975.0,1,2022-04-13 22:15:24
571,rb2210,SHFE,0_0_      617595,     1016437,空,开,4975.0,2,2022-04-13 22:15:24
572,rb2210,SHFE,0_0_      619225,     1017594,多,平今,4975.0,4,2022-04-13 22:15:31
573,rb2210,SHFE,0_0_      622135,     1021012,多,平今,4975.0,1,2022-04-13 22:15:50
574,rb2210,SHFE,0_0_      619432,     1021310,空,开,4976.0,4,2022-04-13 22:15:51
575,rb2210,SHFE,0_0_      622672,     1021543,多,平今,4975.0,2,2022-04-13 22:15:53
576,rb2210,SHFE,0_0_      622672,     1021555,多,平今,4975.0,2,2022-04-13 22:15:53
577,rb2210,SHFE,0_0_      624402,     1023807,空,开,4976.0,4,2022-04-13 22:16:07
578,rb2210,SHFE,0_0_      615534,     1025736,空,平今,4978.0,1,2022-04-13 22:16:22
579,rb2210,SHFE,0_0_      615534,     1025773,空,平今,4978.0,2,2022-04-13 22:16:22
580,rb2210,SHFE,0_0_      615534,     1025774,空,平今,4978.0,2,2022-04-13 22:16:22
581,rb2210,SHFE,0_0_      627792,     1027155,多,平今,4979.0,1,2022-04-13 22:16:33
582,rb2210,SHFE,0_0_      626843,     1027752,多,开,4977.0,3,2022-04-13 22:16:37
583,rb2210,SHFE,0_0_      626843,     1027753,多,开,4977.0,1,2022-04-13 22:16:37
584,rb2210,SHFE,0_0_      628189,     1027763,空,平今,4978.0,5,2022-04-13 22:16:37
585,rb2210,SHFE,0_0_      628190,     1027830,多,平今,4978.0,1,2022-04-13 22:16:38
586,rb2210,SHFE,0_0_      628238,     1028118,空,开,4978.0,1,2022-04-13 22:16:39
587,rb2210,SHFE,0_0_      628238,     1028119,空,开,4978.0,1,2022-04-13 22:16:39
588,rb2210,SHFE,0_0_      628917,     1029535,多,开,4978.0,1,2022-04-13 22:16:57
589,rb2210,SHFE,0_0_      628917,     1030051,多,开,4978.0,2,2022-04-13 22:17:01
590,rb2210,SHFE,0_0_      568579,     1033594,空,平今,4983.0,1,2022-04-13 22:17:31
591,rb2210,SHFE,0_0_      634075,     1033647,多,平今,4982.0,1,2022-04-13 22:17:31
592,rb2210,SHFE,0_0_      641744,     1041196,空,平今,4980.0,1,2022-04-13 22:18:45
593,rb2210,SHFE,0_0_      646047,     1044900,多,开,4981.0,3,2022-04-13 22:19:40
594,rb2210,SHFE,0_0_      646047,     1044943,多,开,4981.0,1,2022-04-13 22:19:41
595,rb2210,SHFE,0_0_      647562,     1045809,空,平今,4982.0,1,2022-04-13 22:19:55
596,rb2210,SHFE,0_0_      653542,     1051907,空,平今,4982.0,2,2022-04-13 22:20:52
597,rb2210,SHFE,0_0_      628917,     1053713,多,开,4978.0,1,2022-04-13 22:21:10
598,rb2210,SHFE,0_0_      657100,     1054650,多,开,4977.0,4,2022-04-13 22:21:23
599,rb2210,SHFE,0_0_      626393,     1054766,多,平今,4976.0,1,2022-04-13 22:21:25
600,rb2210,SHFE,0_0_      657373,     1055018,空,开,4976.0,1,2022-04-13 22:21:28
601,rb2210,SHFE,0_0_      657373,     1055036,空,开,4976.0,1,2022-04-13 22:21:28
602,rb2210,SHFE,0_0_      657373,     1055053,空,开,4976.0,1,2022-04-13 22:21:28
603,rb2210,SHFE,0_0_      657373,     1055059,空,开,4976.0,1,2022-04-13 22:21:28
604,rb2210,SHFE,0_0_      657566,     1055790,多,平今,4975.0,3,2022-04-13 22:21:34
605,rb2210,SHFE,0_0_      657566,     1055793,多,平今,4975.0,1,2022-04-13 22:21:34
606,rb2210,SHFE,0_0_      657221,     1055913,空,平今,4977.0,1,2022-04-13 22:21:36
607,rb2210,SHFE,0_0_      658313,     1055986,多,平今,4976.0,1,2022-04-13 22:21:37
608,rb2210,SHFE,0_0_      657134,     1057174,空,平今,4978.0,4,2022-04-13 22:21:48
609,rb2210,SHFE,0_0_      665594,     1063150,空,平今,4976.0,1,2022-04-13 22:22:35
610,rb2210,SHFE,0_0_      665594,     1063354,空,平今,4976.0,1,2022-04-13 22:22:36
611,rb2210,SHFE,0_0_      665993,     1063857,多,开,4975.0,3,2022-04-13 22:22:38
612,rb2210,SHFE,0_0_      666136,     1064391,空,开,4976.0,1,2022-04-13 22:22:42
613,rb2210,SHFE,0_0_      666136,     1064582,空,开,4976.0,5,2022-04-13 22:22:43
614,rb2210,SHFE,0_0_      666635,     1064662,多,平今,4975.0,1,2022-04-13 22:22:43
615,rb2210,SHFE,0_0_      666635,     1064664,多,平今,4975.0,1,2022-04-13 22:22:43
616,rb2210,SHFE,0_0_      666635,     1064677,多,平今,4975.0,1,2022-04-13 22:22:43
617,rb2210,SHFE,0_0_      666635,     1064679,多,平今,4975.0,1,2022-04-13 22:22:43
618,rb2210,SHFE,0_0_      666635,     1064681,多,平今,4975.0,1,2022-04-13 22:22:43
619,rb2210,SHFE,0_0_      669532,     1068581,多,平今,4977.0,1,2022-04-13 22:23:33
620,rb2210,SHFE,0_0_      670922,     1071141,多,开,4978.000000000001,3,2022-04-13 22:23:58
621,rb2210,SHFE,0_0_      672281,     1072994,空,平今,4979.0,7,2022-04-13 22:24:19
622,rb2210,SHFE,0_0_      673209,     1073111,多,开,4980.0,5,2022-04-13 22:24:22
623,rb2210,SHFE,0_0_      673112,     1077681,多,开,4979.0,1,2022-04-13 22:25:25
624,rb2210,SHFE,0_0_      673112,     1077690,多,开,4979.0,1,2022-04-13 22:25:25
625,rb2210,SHFE,0_0_      681814,     1080634,空,平今,4979.0,2,2022-04-13 22:26:04
626,rb2210,SHFE,0_0_      682523,     1082013,多,开,4978.0,1,2022-04-13 22:26:30
627,rb2210,SHFE,0_0_      682523,     1082021,多,开,4978.0,1,2022-04-13 22:26:31
628,rb2210,SHFE,0_0_      682523,     1082131,多,开,4978.0,1,2022-04-13 22:26:34
629,rb2210,SHFE,0_0_      685271,     1082423,空,平今,4979.0,1,2022-04-13 22:26:42
630,rb2210,SHFE,0_0_      691582,     1087372,多,平今,4981.0,1,2022-04-13 22:27:44
631,rb2210,SHFE,0_0_      695804,     1094837,空,平今,4978.0,4,2022-04-13 22:29:12
632,rb2210,SHFE,0_0_      700580,     1095244,多,开,4977.0,4,2022-04-13 22:29:15
633,rb2210,SHFE,0_0_      708841,     1108542,空,开,4971.0,1,2022-04-13 22:30:18
634,rb2210,SHFE,0_0_      708841,     1108543,空,开,4971.0,1,2022-04-13 22:30:18
635,rb2210,SHFE,0_0_      708841,     1108544,空,开,4971.0,1,2022-04-13 22:30:18
636,rb2210,SHFE,0_0_      708841,     1108545,空,开,4971.0,1,2022-04-13 22:30:18
637,rb2210,SHFE,0_0_      708841,     1108546,空,开,4971.0,1,2022-04-13 22:30:18
638,rb2210,SHFE,0_0_      708841,     1108547,空,开,4971.0,1,2022-04-13 22:30:18
639,rb2210,SHFE,0_0_      708841,     1108548,空,开,4971.0,1,2022-04-13 22:30:18
640,rb2210,SHFE,0_0_      710130,     1111690,多,平今,4969.0,1,2022-04-13 22:30:27
641,rb2210,SHFE,0_0_      710578,     1113565,空,平今,4968.0,1,2022-04-13 22:30:31
642,rb2210,SHFE,0_0_      712303,     1118637,空,平今,4966.0,1,2022-04-13 22:30:39
643,rb2210,SHFE,0_0_      712303,     1118649,空,平今,4966.0,1,2022-04-13 22:30:39
644,rb2210,SHFE,0_0_      712303,     1118650,空,平今,4966.0,1,2022-04-13 22:30:39
645,rb2210,SHFE,0_0_      712303,     1118703,空,平今,4966.0,1,2022-04-13 22:30:40
646,rb2210,SHFE,0_0_      710366,     1123956,空,平今,4970.0,1,2022-04-13 22:30:52
647,rb2210,SHFE,0_0_      721016,     1138702,多,平今,4970.0,2,2022-04-13 22:31:34
648,rb2210,SHFE,0_0_      727607,     1149260,多,平今,4973.0,2,2022-04-13 22:32:21
649,rb2210,SHFE,0_0_      727607,     1149277,多,平今,4973.0,1,2022-04-13 22:32:21
650,rb2210,SHFE,0_0_      731189,     1155745,空,开,4974.0,1,2022-04-13 22:32:59
651,rb2210,SHFE,0_0_      731189,     1155752,空,开,4974.0,1,2022-04-13 22:32:59
652,rb2210,SHFE,0_0_      731189,     1155866,空,开,4974.0,2,2022-04-13 22:33:00
653,rb2210,SHFE,0_0_      735494,     1157411,多,平今,4976.0,1,2022-04-13 22:33:06
654,rb2210,SHFE,0_0_      735494,     1157422,多,平今,4976.0,1,2022-04-13 22:33:06
655,rb2210,SHFE,0_0_      735494,     1157717,多,平今,4976.0,1,2022-04-13 22:33:07
656,rb2210,SHFE,0_0_      735494,     1157742,多,平今,4976.0,1,2022-04-13 22:33:07
657,rb2210,SHFE,0_0_      735494,     1157757,多,平今,4976.0,1,2022-04-13 22:33:07
658,rb2210,SHFE,0_0_      739995,     1162582,空,开,4978.0,3,2022-04-13 22:33:37
659,rb2210,SHFE,0_0_      741602,     1165827,多,平今,4977.0,1,2022-04-13 22:33:55
660,rb2210,SHFE,0_0_      749702,     1173872,多,开,4976.0,4,2022-04-13 22:34:53
661,rb2210,SHFE,0_0_      751943,     1174107,空,平今,4977.0,2,2022-04-13 22:34:56
662,rb2210,SHFE,0_0_      751943,     1174108,空,平今,4977.0,2,2022-04-13 22:34:56
663,rb2210,SHFE,0_0_      752243,     1175158,空,平今,4977.0,1,2022-04-13 22:35:03
664,rb2210,SHFE,0_0_      758234,     1183777,空,开,4983.0,2,2022-04-13 22:35:32
665,rb2210,SHFE,0_0_      758560,     1185280,多,平今,4982.0,2,2022-04-13 22:35:41
666,rb2210,SHFE,0_0_      767461,     1191765,空,开,4982.0,3,2022-04-13 22:36:31
667,rb2210,SHFE,0_0_      759723,     1192151,空,开,4983.0,1,2022-04-13 22:36:32
668,rb2210,SHFE,0_0_      759723,     1192152,空,开,4983.0,1,2022-04-13 22:36:32
669,rb2210,SHFE,0_0_      769758,     1194209,多,平今,4981.0,1,2022-04-13 22:36:43
670,rb2210,SHFE,0_0_      769987,     1194293,多,平今,4981.0,2,2022-04-13 22:36:44
671,rb2210,SHFE,0_0_      770066,     1194371,多,平今,4981.0,1,2022-04-13 22:36:45
672,rb2210,SHFE,0_0_      770201,     1195417,空,开,4982.0,1,2022-04-13 22:36:52
673,rb2210,SHFE,0_0_      771240,     1195535,多,平今,4981.0,1,2022-04-13 22:36:53
674,rb2210,SHFE,0_0_      771312,     1195962,空,开,4982.000000000001,1,2022-04-13 22:36:57
675,rb2210,SHFE,0_0_      771830,     1196042,多,平今,4981.0,1,2022-04-13 22:36:58
676,rb2210,SHFE,0_0_      771860,     1196214,空,开,4982.0,1,2022-04-13 22:37:00
677,rb2210,SHFE,0_0_      771986,     1196525,多,平今,4981.0,2,2022-04-13 22:37:02
678,rb2210,SHFE,0_0_      772446,     1196698,空,开,4982.0,1,2022-04-13 22:37:03
679,rb2210,SHFE,0_0_      772569,     1196788,空,开,4982.0,2,2022-04-13 22:37:03
680,rb2210,SHFE,0_0_      772569,     1200002,空,开,4982.0,3,2022-04-13 22:37:32
681,rb2210,SHFE,0_0_      776610,     1200613,多,平今,4983.0,1,2022-04-13 22:37:35
682,rb2210,SHFE,0_0_      776610,     1200615,多,平今,4983.0,1,2022-04-13 22:37:35
683,rb2210,SHFE,0_0_      779414,     1205406,多,平今,4982.0,1,2022-04-13 22:38:12
684,rb2210,SHFE,0_0_      779414,     1205409,多,平今,4982.0,1,2022-04-13 22:38:12
685,rb2210,SHFE,0_0_      779414,     1205425,多,平今,4982.0,2,2022-04-13 22:38:12
686,rb2210,SHFE,0_0_      784365,     1209005,空,开,4981.0,2,2022-04-13 22:38:51
687,rb2210,SHFE,0_0_      785870,     1211043,多,平今,4980.0,1,2022-04-13 22:39:14
688,rb2210,SHFE,0_0_      789432,     1212217,多,平今,4981.0,1,2022-04-13 22:39:34
689,rb2210,SHFE,0_0_      789432,     1212241,多,平今,4981.0,2,2022-04-13 22:39:34
690,rb2210,SHFE,0_0_      790332,     1213157,多,开,4981.0,1,2022-04-13 22:39:44
691,rb2210,SHFE,0_0_      791174,     1215628,多,开,4982.0,2,2022-04-13 22:39:53
692,rb2210,SHFE,0_0_      792681,     1217425,空,平今,4983.0,1,2022-04-13 22:40:03
693,rb2210,SHFE,0_0_      792681,     1217442,空,平今,4983.0,1,2022-04-13 22:40:03
694,rb2210,SHFE,0_0_      792681,     1217508,空,平今,4983.0,1,2022-04-13 22:40:03
695,rb2210,SHFE,0_0_      823181,     1245715,多,开,4978.0,3,2022-04-13 22:45:29
696,rb2210,SHFE,0_0_      832999,     1250326,空,平今,4981.0,1,2022-04-13 22:46:07
697,rb2210,SHFE,0_0_      835203,     1251704,多,开,4982.0,1,2022-04-13 22:46:17
698,rb2210,SHFE,0_0_      831177,     1253291,多,开,4979.0,2,2022-04-13 22:46:26
699,rb2210,SHFE,0_0_      836775,     1257592,空,平今,4980.0,2,2022-04-13 22:47:14
700,rb2210,SHFE,0_0_      841648,     1257710,多,开,4979.0,2,2022-04-13 22:47:15
701,rb2210,SHFE,0_0_      842819,     1261679,空,开,4979.0,4,2022-04-13 22:48:01
702,rb2210,SHFE,0_0_      846908,     1262295,多,平今,4978.0,1,2022-04-13 22:48:07
703,rb2210,SHFE,0_0_      848857,     1265893,空,开,4979.0,4,2022-04-13 22:48:52
704,rb2210,SHFE,0_0_      841802,     1269070,空,平今,4980.0,2,2022-04-13 22:49:24
705,rb2210,SHFE,0_0_      854424,     1269673,多,平今,4979.0,2,2022-04-13 22:49:32
706,rb2210,SHFE,0_0_      851181,     1270467,多,平今,4978.0,2,2022-04-13 22:49:41
707,rb2210,SHFE,0_0_      868836,     1284502,空,开,4976.0,1,2022-04-13 22:51:42
708,rb2210,SHFE,0_0_      877954,     1293544,多,平今,4974.0,3,2022-04-13 22:53:05
709,rb2210,SHFE,0_0_      880827,     1295888,空,开,4972.0,1,2022-04-13 22:53:21
710,rb2210,SHFE,0_0_      881141,     1296371,多,平今,4971.0,1,2022-04-13 22:53:26
711,rb2210,SHFE,0_0_      881592,     1296409,空,开,4972.0,1,2022-04-13 22:53:26
712,rb2210,SHFE,0_0_      881649,     1296701,多,平今,4971.0,1,2022-04-13 22:53:29
713,rb2210,SHFE,0_0_      881872,     1296900,空,开,4972.0,1,2022-04-13 22:53:31
714,rb2210,SHFE,0_0_      883322,     1298269,多,平今,4971.0,1,2022-04-13 22:53:44
715,rb2210,SHFE,0_0_      883322,     1298270,多,平今,4971.0,1,2022-04-13 22:53:44
716,rb2210,SHFE,0_0_      886753,     1302832,多,开,4971.0,1,2022-04-13 22:54:16
717,rb2210,SHFE,0_0_      891171,     1307340,多,开,4969.0,1,2022-04-13 22:54:48
718,rb2210,SHFE,0_0_      896623,     1313840,空,平今,4969.0,1,2022-04-13 22:55:56
719,rb2210,SHFE,0_0_      897231,     1314454,空,平今,4969.0,1,2022-04-13 22:56:02
720,rb2210,SHFE,0_0_      897980,     1317064,多,开,4969.0,4,2022-04-13 22:56:26
721,rb2210,SHFE,0_0_      899633,     1317535,空,平今,4970.0,4,2022-04-13 22:56:31
722,rb2210,SHFE,0_0_      888000,     1318599,空,平今,4972.0,1,2022-04-13 22:56:41
723,rb2210,SHFE,0_0_      903170,     1320368,空,开,4970.0,4,2022-04-13 22:57:00
724,rb2210,SHFE,0_0_      904379,     1321527,多,平今,4971.0,3,2022-04-13 22:57:11
725,rb2210,SHFE,0_0_      900126,     1322882,多,开,4969.0,5,2022-04-13 22:57:24
726,rb2210,SHFE,0_0_      906430,     1323530,空,平今,4969.0,1,2022-04-13 22:57:28
727,rb2210,SHFE,0_0_      906783,     1323884,多,平今,4968.000000000001,1,2022-04-13 22:57:31
728,rb2210,SHFE,0_0_      907511,     1324320,空,开,4969.0,1,2022-04-13 22:57:35
729,rb2210,SHFE,0_0_      907511,     1324386,空,开,4969.0,1,2022-04-13 22:57:35
730,rb2210,SHFE,0_0_      907511,     1324411,空,开,4969.0,1,2022-04-13 22:57:35
731,rb2210,SHFE,0_0_      907511,     1324412,空,开,4969.0,1,2022-04-13 22:57:35
732,rb2210,SHFE,0_0_      912779,     1331217,空,平今,4966.0,1,2022-04-13 22:58:28
733,rb2210,SHFE,0_0_     1124843,     1548713,空,平今,4977.0,3,2022-04-14 09:00:11
734,rb2210,SHFE,0_0_     1124843,     1548859,空,平今,4977.0,1,2022-04-14 09:00:11
735,rb2210,SHFE,0_0_     1124843,     1548908,空,平今,4977.0,1,2022-04-14 09:00:11
736,rb2210,SHFE,0_0_     1125477,     1552876,多,平今,4976.0,2,2022-04-14 09:00:19
737,rb2210,SHFE,0_0_     1125477,     1552877,多,平今,4976.0,2,2022-04-14 09:00:19
738,rb2210,SHFE,0_0_     1125492,     1553095,空,开,4978.0,4,2022-04-14 09:00:20
739,rb2210,SHFE,0_0_     1125718,     1554623,多,开,4983.000000000001,4,2022-04-14 09:00:24
740,rb2210,SHFE,0_0_     1127375,     1568553,空,开,4984.0,1,2022-04-14 09:01:05
741,rb2210,SHFE,0_0_     1126908,     1575233,多,开,4980.0,3,2022-04-14 09:01:24
742,rb2210,SHFE,0_0_     1127986,     1575637,空,开,4982.0,1,2022-04-14 09:01:25
743,rb2210,SHFE,0_0_     1128498,     1578806,多,平今,4981.0,1,2022-04-14 09:01:35
744,rb2210,SHFE,0_0_     1128498,     1578809,多,平今,4981.0,1,2022-04-14 09:01:35
745,rb2210,SHFE,0_0_     1130660,     1593706,多,开,4981.0,1,2022-04-14 09:02:35
746,rb2210,SHFE,0_0_     1131872,     1598306,空,平今,4982.0,1,2022-04-14 09:02:59
747,rb2210,SHFE,0_0_     1134366,     1606008,空,平今,4976.0,2,2022-04-14 09:03:40
748,rb2210,SHFE,0_0_     1136770,     1611696,多,平今,4972.0,1,2022-04-14 09:04:09
749,rb2210,SHFE,0_0_     1136887,     1611705,空,平今,4973.0,1,2022-04-14 09:04:09
750,rb2210,SHFE,0_0_     1139323,     1621995,空,平今,4967.0,3,2022-04-14 09:04:55
751,rb2210,SHFE,0_0_     1143440,     1628260,多,开,4973.0,7,2022-04-14 09:05:23
752,rb2210,SHFE,0_0_     1145834,     1632146,空,平今,4973.0,3,2022-04-14 09:05:39
753,rb2210,SHFE,0_0_     1145834,     1632147,空,平今,4973.0,4,2022-04-14 09:05:39
754,rb2210,SHFE,0_0_     1146157,     1632947,多,平今,4972.0,1,2022-04-14 09:05:42
755,rb2210,SHFE,0_0_     1143170,     1637073,多,平今,4971.0,1,2022-04-14 09:06:04
756,rb2210,SHFE,0_0_     1154544,     1644972,空,平今,4976.0,1,2022-04-14 09:06:54
757,rb2210,SHFE,0_0_     1168138,     1659464,多,开,4969.0,3,2022-04-14 09:08:30
758,rb2210,SHFE,0_0_     1168138,     1659465,多,开,4969.0,5,2022-04-14 09:08:30
759,rb2210,SHFE,0_0_     1172643,     1665107,空,平今,4966.0,1,2022-04-14 09:09:09
760,rb2210,SHFE,0_0_     1172940,     1665532,多,平今,4965.0,1,2022-04-14 09:09:12
761,rb2210,SHFE,0_0_     1173300,     1665613,空,平今,4966.0,1,2022-04-14 09:09:12
762,rb2210,SHFE,0_0_     1173334,     1671972,多,开,4965.0,1,2022-04-14 09:10:04
763,rb2210,SHFE,0_0_     1179528,     1672125,空,平今,4966.0,1,2022-04-14 09:10:05
764,rb2210,SHFE,0_0_     1181370,     1675082,空,平今,4965.0,1,2022-04-14 09:10:24
765,rb2210,SHFE,0_0_     1181703,     1676952,多,开,4964.0,1,2022-04-14 09:10:34
766,rb2210,SHFE,0_0_     1184915,     1681116,空,开,4959.0,4,2022-04-14 09:10:47
767,rb2210,SHFE,0_0_     1184915,     1681118,空,开,4959.0,1,2022-04-14 09:10:47
768,rb2210,SHFE,0_0_     1184915,     1681125,空,开,4959.0,1,2022-04-14 09:10:47
769,rb2210,SHFE,0_0_     1184915,     1681133,空,开,4959.0,1,2022-04-14 09:10:47
770,rb2210,SHFE,0_0_     1184915,     1681158,空,开,4959.0,1,2022-04-14 09:10:47
771,rb2210,SHFE,0_0_     1189442,     1687422,空,平今,4958.0,2,2022-04-14 09:11:17
772,rb2210,SHFE,0_0_     1189510,     1687460,多,平今,4957.0,2,2022-04-14 09:11:17
773,rb2210,SHFE,0_0_     1189531,     1687469,空,平今,4958.0,1,2022-04-14 09:11:17
774,rb2210,SHFE,0_0_     1189531,     1687518,空,平今,4958.0,1,2022-04-14 09:11:18
775,rb2210,SHFE,0_0_     1189941,     1688180,空,平今,4958.0,1,2022-04-14 09:11:21
776,rb2210,SHFE,0_0_     1190115,     1688388,空,开,4958.0,1,2022-04-14 09:11:23
777,rb2210,SHFE,0_0_     1190250,     1690563,多,平今,4957.0,1,2022-04-14 09:11:38
778,rb2210,SHFE,0_0_     1193841,     1691587,空,开,4959.0,1,2022-04-14 09:11:48
779,rb2210,SHFE,0_0_     1197341,     1695185,多,开,4964.000000000001,7,2022-04-14 09:12:12
780,rb2210,SHFE,0_0_     1183267,     1695291,空,平今,4965.0,1,2022-04-14 09:12:13
781,rb2210,SHFE,0_0_     1196654,     1696482,多,平今,4962.0,1,2022-04-14 09:12:24
782,rb2210,SHFE,0_0_     1196654,     1696486,多,平今,4962.0,1,2022-04-14 09:12:24
783,rb2210,SHFE,0_0_     1199063,     1697947,空,平今,4962.0,3,2022-04-14 09:12:37
784,rb2210,SHFE,0_0_     1199063,     1697948,空,平今,4962.0,1,2022-04-14 09:12:37
785,rb2210,SHFE,0_0_     1200082,     1698973,多,平今,4961.0,4,2022-04-14 09:12:45
786,rb2210,SHFE,0_0_     1201237,     1699206,空,开,4962.0,4,2022-04-14 09:12:47
787,rb2210,SHFE,0_0_     1201734,     1699929,空,平今,4962.0,1,2022-04-14 09:12:56
788,rb2210,SHFE,0_0_     1202859,     1700887,多,平今,4962.0,1,2022-04-14 09:13:03
789,rb2210,SHFE,0_0_     1202859,     1700889,多,平今,4962.0,1,2022-04-14 09:13:03
790,rb2210,SHFE,0_0_     1202859,     1700891,多,平今,4962.0,1,2022-04-14 09:13:03
791,rb2210,SHFE,0_0_     1202859,     1700892,多,平今,4962.0,1,2022-04-14 09:13:03
792,rb2210,SHFE,0_0_     1203438,     1706748,多,开,4961.0,2,2022-04-14 09:13:58
793,rb2210,SHFE,0_0_     1193863,     1708225,多,平今,4958.0,1,2022-04-14 09:14:05
794,rb2210,SHFE,0_0_     1209038,     1708257,空,平今,4959.0,3,2022-04-14 09:14:06
795,rb2210,SHFE,0_0_     1208503,     1708687,空,平今,4960.0,1,2022-04-14 09:14:08
796,rb2210,SHFE,0_0_     1209461,     1708960,多,开,4960.0,1,2022-04-14 09:14:10
797,rb2210,SHFE,0_0_     1211111,     1710801,空,开,4962.0,8,2022-04-14 09:14:20
798,rb2210,SHFE,0_0_     1209093,     1712917,多,开,4959.0,3,2022-04-14 09:14:37
799,rb2210,SHFE,0_0_     1214050,     1716905,空,平今,4961.000000000001,4,2022-04-14 09:15:06
800,rb2210,SHFE,0_0_     1217707,     1717929,多,平今,4962.0,4,2022-04-14 09:15:07
801,rb2210,SHFE,0_0_     1218459,     1718589,多,开,4963.0,4,2022-04-14 09:15:11
802,rb2210,SHFE,0_0_     1222508,     1723679,空,平今,4964.0,1,2022-04-14 09:15:41
803,rb2210,SHFE,0_0_     1222508,     1723682,空,平今,4964.0,1,2022-04-14 09:15:41
804,rb2210,SHFE,0_0_     1222508,     1723740,空,平今,4964.0,1,2022-04-14 09:15:42
805,rb2210,SHFE,0_0_     1222508,     1723750,空,平今,4964.0,1,2022-04-14 09:15:42
806,rb2210,SHFE,0_0_     1223844,     1723831,多,开,4963.0,1,2022-04-14 09:15:43
807,rb2210,SHFE,0_0_     1237820,     1737056,多,开,4968.0,4,2022-04-14 09:17:33
808,rb2210,SHFE,0_0_     1237820,     1737061,多,开,4968.0,1,2022-04-14 09:17:33
809,rb2210,SHFE,0_0_     1237820,     1737119,多,开,4968.0,1,2022-04-14 09:17:33
810,rb2210,SHFE,0_0_     1237820,     1737124,多,开,4968.0,1,2022-04-14 09:17:33
811,rb2210,SHFE,0_0_     1247946,     1750020,多,平今,4971.0,2,2022-04-14 09:19:08
812,rb2210,SHFE,0_0_     1251269,     1753137,空,平今,4970.0,2,2022-04-14 09:19:31
813,rb2210,SHFE,0_0_     1268719,     1778830,空,平今,4973.0,2,2022-04-14 09:22:14
814,rb2210,SHFE,0_0_     1270218,     1782888,多,平今,4974.0,1,2022-04-14 09:22:27
815,rb2210,SHFE,0_0_     1271472,     1785796,空,平今,4976.0,1,2022-04-14 09:22:41
816,rb2210,SHFE,0_0_     1271707,     1786281,空,平今,4976.0,2,2022-04-14 09:22:43
817,rb2210,SHFE,0_0_     1271961,     1786835,多,开,4975.0,2,2022-04-14 09:22:45
818,rb2210,SHFE,0_0_     1272267,     1788232,多,开,4975.0,3,2022-04-14 09:22:51
819,rb2210,SHFE,0_0_     1272267,     1788295,多,开,4975.0,1,2022-04-14 09:22:52
820,rb2210,SHFE,0_0_     1281159,     1801054,空,平今,4970.0,4,2022-04-14 09:24:16
821,rb2210,SHFE,0_0_     1281682,     1801318,多,开,4969.0,1,2022-04-14 09:24:17
822,rb2210,SHFE,0_0_     1281682,     1801396,多,开,4969.0,1,2022-04-14 09:24:17
823,rb2210,SHFE,0_0_     1281682,     1801401,多,开,4969.0,2,2022-04-14 09:24:17
824,rb2210,SHFE,0_0_     1285632,     1810436,空,平今,4967.0,1,2022-04-14 09:25:03
825,rb2210,SHFE,0_0_     1285632,     1810437,空,平今,4967.0,1,2022-04-14 09:25:03
826,rb2210,SHFE,0_0_     1285632,     1810438,空,平今,4967.0,4,2022-04-14 09:25:03
827,rb2210,SHFE,0_0_     1285568,     1810633,空,开,4968.0,5,2022-04-14 09:25:03
828,rb2210,SHFE,0_0_     1285568,     1810634,空,开,4968.0,1,2022-04-14 09:25:03
829,rb2210,SHFE,0_0_     1285568,     1810753,空,开,4968.0,1,2022-04-14 09:25:03
830,rb2210,SHFE,0_0_     1286334,     1812652,多,平今,4965.0,3,2022-04-14 09:25:10
831,rb2210,SHFE,0_0_     1289655,     1817606,空,开,4967.0,2,2022-04-14 09:25:35
832,rb2210,SHFE,0_0_     1289760,     1818157,多,平今,4966.0,2,2022-04-14 09:25:39
833,rb2210,SHFE,0_0_     1290247,     1819350,空,开,4967.0,2,2022-04-14 09:25:47
834,rb2210,SHFE,0_0_     1294900,     1826212,多,平今,4968.0,2,2022-04-14 09:26:28
835,rb2210,SHFE,0_0_     1286975,     1841767,多,平今,4964.0,4,2022-04-14 09:28:21
836,rb2210,SHFE,0_0_     1329325,     1867065,空,开,4957.0,3,2022-04-14 09:31:20
837,rb2210,SHFE,0_0_     1331035,     1870145,多,开,4957.0,1,2022-04-14 09:31:32
838,rb2210,SHFE,0_0_     1331451,     1871077,多,开,4956.0,3,2022-04-14 09:31:40
839,rb2210,SHFE,0_0_     1331451,     1871083,多,开,4956.0,1,2022-04-14 09:31:40
840,rb2210,SHFE,0_0_     1331547,     1871133,空,平今,4957.0,4,2022-04-14 09:31:40
841,rb2210,SHFE,0_0_     1331604,     1872858,多,开,4956.0,4,2022-04-14 09:31:52
842,rb2210,SHFE,0_0_     1334373,     1874823,空,平今,4957.0,1,2022-04-14 09:32:08
843,rb2210,SHFE,0_0_     1329777,     1880563,多,平今,4954.0,2,2022-04-14 09:33:03
844,rb2210,SHFE,0_0_     1329777,     1880567,多,平今,4954.0,2,2022-04-14 09:33:03
845,rb2210,SHFE,0_0_     1339640,     1881294,空,平今,4954.0,5,2022-04-14 09:33:04
846,rb2210,SHFE,0_0_     1340278,     1882304,空,开,4952.0,4,2022-04-14 09:33:06
847,rb2210,SHFE,0_0_     1340359,     1882307,多,平今,4951.0,1,2022-04-14 09:33:06
848,rb2210,SHFE,0_0_     1340359,     1882308,多,平今,4951.0,3,2022-04-14 09:33:06
849,rb2210,SHFE,0_0_     1340360,     1882649,空,开,4952.0,4,2022-04-14 09:33:06
850,rb2210,SHFE,0_0_     1340370,     1882665,多,平今,4951.0,1,2022-04-14 09:33:06
851,rb2210,SHFE,0_0_     1340370,     1882666,多,平今,4951.0,1,2022-04-14 09:33:06
852,rb2210,SHFE,0_0_     1340370,     1882667,多,平今,4951.0,2,2022-04-14 09:33:06
853,rb2210,SHFE,0_0_     1340377,     1882795,空,开,4952.0,1,2022-04-14 09:33:06
854,rb2210,SHFE,0_0_     1340377,     1882797,空,开,4952.0,3,2022-04-14 09:33:06
855,rb2210,SHFE,0_0_     1340388,     1882800,多,平今,4951.0,1,2022-04-14 09:33:06
856,rb2210,SHFE,0_0_     1340388,     1882802,多,平今,4951.0,3,2022-04-14 09:33:06
857,rb2210,SHFE,0_0_     1340389,     1882951,空,开,4952.0,4,2022-04-14 09:33:06
858,rb2210,SHFE,0_0_     1340425,     1882956,多,平今,4951.0,3,2022-04-14 09:33:06
859,rb2210,SHFE,0_0_     1340425,     1882958,多,平今,4951.0,1,2022-04-14 09:33:06
860,rb2210,SHFE,0_0_     1341591,     1885176,空,开,4952.0,1,2022-04-14 09:33:16
861,rb2210,SHFE,0_0_     1341676,     1885585,多,平今,4951.0,1,2022-04-14 09:33:17
862,rb2210,SHFE,0_0_     1344641,     1890261,空,开,4952.0,2,2022-04-14 09:33:46
863,rb2210,SHFE,0_0_     1344641,     1890283,空,开,4952.0,1,2022-04-14 09:33:46
864,rb2210,SHFE,0_0_     1344641,     1890358,空,开,4952.0,1,2022-04-14 09:33:46
865,rb2210,SHFE,0_0_     1344641,     1890396,空,开,4952.0,1,2022-04-14 09:33:47
866,rb2210,SHFE,0_0_     1344641,     1890397,空,开,4952.0,1,2022-04-14 09:33:47
867,rb2210,SHFE,0_0_     1344641,     1890430,空,开,4952.0,1,2022-04-14 09:33:47
868,rb2210,SHFE,0_0_     1344641,     1890441,空,开,4952.0,1,2022-04-14 09:33:47
869,rb2210,SHFE,0_0_     1345608,     1891244,多,平今,4951.0,1,2022-04-14 09:33:55
870,rb2210,SHFE,0_0_     1345808,     1892465,空,开,4952.0,1,2022-04-14 09:34:04
871,rb2210,SHFE,0_0_     1346593,     1893300,多,平今,4951.0,4,2022-04-14 09:34:09
872,rb2210,SHFE,0_0_     1346883,     1893410,空,开,4952.0,4,2022-04-14 09:34:09
873,rb2210,SHFE,0_0_     1346960,     1893535,多,平今,4951.0,1,2022-04-14 09:34:10
874,rb2210,SHFE,0_0_     1346960,     1893548,多,平今,4951.0,1,2022-04-14 09:34:11
875,rb2210,SHFE,0_0_     1346960,     1893549,多,平今,4951.0,1,2022-04-14 09:34:11
876,rb2210,SHFE,0_0_     1346960,     1893563,多,平今,4951.0,2,2022-04-14 09:34:11
877,rb2210,SHFE,0_0_     1352213,     1900073,空,开,4948.0,1,2022-04-14 09:34:51
878,rb2210,SHFE,0_0_     1352865,     1901470,多,平今,4948.0,4,2022-04-14 09:35:00
879,rb2210,SHFE,0_0_     1355811,     1904455,多,开,4949.0,4,2022-04-14 09:35:18
880,rb2210,SHFE,0_0_     1359689,     1909726,空,平今,4948.0,4,2022-04-14 09:35:54
881,rb2210,SHFE,0_0_     1360446,     1912469,空,开,4947.0,1,2022-04-14 09:36:09
882,rb2210,SHFE,0_0_     1360446,     1912471,空,开,4947.0,1,2022-04-14 09:36:09
883,rb2210,SHFE,0_0_     1360446,     1912472,空,开,4947.0,2,2022-04-14 09:36:09
884,rb2210,SHFE,0_0_     1347134,     1916118,空,开,4952.0,3,2022-04-14 09:36:46
885,rb2210,SHFE,0_0_     1365029,     1916151,多,平今,4951.0,3,2022-04-14 09:36:46
886,rb2210,SHFE,0_0_     1365032,     1916212,多,开,4951.0,1,2022-04-14 09:36:47
887,rb2210,SHFE,0_0_     1374088,     1924546,空,开,4954.0,2,2022-04-14 09:38:24
888,rb2210,SHFE,0_0_     1374125,     1927260,多,平今,4953.0,1,2022-04-14 09:38:54
889,rb2210,SHFE,0_0_     1374125,     1927275,多,平今,4953.0,1,2022-04-14 09:38:54
890,rb2210,SHFE,0_0_     1376715,     1927432,空,平今,4953.0,1,2022-04-14 09:38:55
891,rb2210,SHFE,0_0_     1376942,     1927956,空,开,4953.0,3,2022-04-14 09:39:00
892,rb2210,SHFE,0_0_     1377139,     1928052,多,平今,4952.0,1,2022-04-14 09:39:01
893,rb2210,SHFE,0_0_     1377139,     1928053,多,平今,4952.0,2,2022-04-14 09:39:01
894,rb2210,SHFE,0_0_     1382165,     1933409,空,开,4949.0,1,2022-04-14 09:39:43
895,rb2210,SHFE,0_0_     1362638,     1933643,多,开,4948.0,1,2022-04-14 09:39:45
896,rb2210,SHFE,0_0_     1362638,     1934102,多,开,4948.0,3,2022-04-14 09:39:49
897,rb2210,SHFE,0_0_     1382931,     1934260,空,平今,4949.000000000001,3,2022-04-14 09:39:50
898,rb2210,SHFE,0_0_     1377304,     1936699,空,开,4953.0,2,2022-04-14 09:40:11
899,rb2210,SHFE,0_0_     1377304,     1936713,空,开,4953.0,1,2022-04-14 09:40:11
900,rb2210,SHFE,0_0_     1385125,     1938010,多,平今,4954.0,1,2022-04-14 09:40:21
901,rb2210,SHFE,0_0_     1384678,     1939015,多,开,4952.0,3,2022-04-14 09:40:33
902,rb2210,SHFE,0_0_     1384678,     1939036,多,开,4952.0,1,2022-04-14 09:40:34
903,rb2210,SHFE,0_0_     1384678,     1939038,多,开,4952.0,1,2022-04-14 09:40:34
904,rb2210,SHFE,0_0_     1386835,     1939327,空,平今,4953.0,4,2022-04-14 09:40:37
905,rb2210,SHFE,0_0_     1392330,     1945506,多,平今,4952.0,1,2022-04-14 09:41:23
906,rb2210,SHFE,0_0_     1393063,     1946299,空,平今,4952.0,1,2022-04-14 09:41:29
907,rb2210,SHFE,0_0_     1398415,     1952953,空,开,4951.0,2,2022-04-14 09:42:34
908,rb2210,SHFE,0_0_     1402668,     1957738,多,平今,4952.0,1,2022-04-14 09:43:24
909,rb2210,SHFE,0_0_     1404058,     1957963,多,平今,4954.0,1,2022-04-14 09:43:28
910,rb2210,SHFE,0_0_     1405691,     1960019,多,平今,4956.0,1,2022-04-14 09:43:53
911,rb2210,SHFE,0_0_     1405691,     1960026,多,平今,4956.0,1,2022-04-14 09:43:53
912,rb2210,SHFE,0_0_     1405691,     1960034,多,平今,4956.0,1,2022-04-14 09:43:53
913,rb2210,SHFE,0_0_     1406416,     1961510,多,平今,4954.0,2,2022-04-14 09:44:09
914,rb2210,SHFE,0_0_     1407024,     1961831,空,开,4955.0,4,2022-04-14 09:44:14
915,rb2210,SHFE,0_0_     1403887,     1963494,多,平今,4952.0,1,2022-04-14 09:44:39
916,rb2210,SHFE,0_0_     1409492,     1963678,空,开,4953.0,4,2022-04-14 09:44:42
917,rb2210,SHFE,0_0_     1410444,     1964882,多,平今,4951.0,2,2022-04-14 09:44:58
918,rb2210,SHFE,0_0_     1411319,     1965035,多,平今,4951.0,2,2022-04-14 09:45:00
919,rb2210,SHFE,0_0_     1411452,     1965162,多,开,4951.0,1,2022-04-14 09:45:00
920,rb2210,SHFE,0_0_     1411452,     1965163,多,开,4951.0,1,2022-04-14 09:45:00
921,rb2210,SHFE,0_0_     1411452,     1965168,多,开,4951.0,2,2022-04-14 09:45:00
922,rb2210,SHFE,0_0_     1411452,     1965212,多,开,4951.0,1,2022-04-14 09:45:00
923,rb2210,SHFE,0_0_     1411452,     1965213,多,开,4951.0,1,2022-04-14 09:45:00
924,rb2210,SHFE,0_0_     1411499,     1965454,空,平今,4952.0,3,2022-04-14 09:45:01
925,rb2210,SHFE,0_0_     1412016,     1966588,多,平今,4953.0,1,2022-04-14 09:45:10
926,rb2210,SHFE,0_0_     1412016,     1966604,多,平今,4953.0,1,2022-04-14 09:45:10
927,rb2210,SHFE,0_0_     1414699,     1968757,空,平今,4956.0,1,2022-04-14 09:45:31
928,rb2210,SHFE,0_0_     1414969,     1970390,多,开,4955.0,1,2022-04-14 09:45:53
929,rb2210,SHFE,0_0_     1413111,     1972191,多,开,4953.0,2,2022-04-14 09:46:16
930,rb2210,SHFE,0_0_     1413111,     1972192,多,开,4953.0,2,2022-04-14 09:46:16
931,rb2210,SHFE,0_0_     1419015,     1972529,空,平今,4954.0,4,2022-04-14 09:46:19
932,rb2210,SHFE,0_0_     1419075,     1972533,空,平今,4954.0,2,2022-04-14 09:46:19
933,rb2210,SHFE,0_0_     1419406,     1972592,多,开,4953.0,3,2022-04-14 09:46:20
934,rb2210,SHFE,0_0_     1419406,     1972655,多,开,4953.0,1,2022-04-14 09:46:21
935,rb2210,SHFE,0_0_     1419406,     1972657,多,开,4953.0,1,2022-04-14 09:46:21
936,rb2210,SHFE,0_0_     1419406,     1972658,多,开,4953.0,1,2022-04-14 09:46:21
937,rb2210,SHFE,0_0_     1419671,     1973088,空,平今,4954.0,3,2022-04-14 09:46:27
938,rb2210,SHFE,0_0_     1420025,     1973144,空,平今,4954.0,1,2022-04-14 09:46:28
939,rb2210,SHFE,0_0_     1420398,     1973376,多,开,4954.0,1,2022-04-14 09:46:32
940,rb2210,SHFE,0_0_     1420398,     1973398,多,开,4954.0,1,2022-04-14 09:46:32
941,rb2210,SHFE,0_0_     1420398,     1973437,多,开,4954.0,1,2022-04-14 09:46:33
942,rb2210,SHFE,0_0_     1420215,     1973804,多,开,4953.0,1,2022-04-14 09:46:37
943,rb2210,SHFE,0_0_     1421590,     1974394,空,平今,4952.0,1,2022-04-14 09:46:46
944,rb2210,SHFE,0_0_     1411631,     1974520,多,平今,4951.0,2,2022-04-14 09:46:47
945,rb2210,SHFE,0_0_     1421754,     1975210,空,平今,4952.0,1,2022-04-14 09:46:57
946,rb2210,SHFE,0_0_     1421754,     1975223,空,平今,4952.0,1,2022-04-14 09:46:57
947,rb2210,SHFE,0_0_     1421754,     1975228,空,平今,4952.0,1,2022-04-14 09:46:57
948,rb2210,SHFE,0_0_     1422915,     1976042,多,开,4952.0,2,2022-04-14 09:47:09
949,rb2210,SHFE,0_0_     1424063,     1976951,空,开,4950.0,8,2022-04-14 09:47:18
950,rb2210,SHFE,0_0_     1424735,     1977731,空,平今,4950.0,1,2022-04-14 09:47:27
951,rb2210,SHFE,0_0_     1425543,     1978461,多,平今,4951.0,2,2022-04-14 09:47:36
952,rb2210,SHFE,0_0_     1423397,     1978555,空,平今,4952.0,1,2022-04-14 09:47:38
953,rb2210,SHFE,0_0_     1423397,     1978559,空,平今,4952.0,1,2022-04-14 09:47:39
954,rb2210,SHFE,0_0_     1423397,     1978568,空,平今,4952.0,1,2022-04-14 09:47:39
955,rb2210,SHFE,0_0_     1426732,     1979592,空,开,4952.0,1,2022-04-14 09:47:57
956,rb2210,SHFE,0_0_     1425685,     1979775,多,平今,4951.0,1,2022-04-14 09:47:59
957,rb2210,SHFE,0_0_     1425685,     1979890,多,平今,4951.0,1,2022-04-14 09:48:00
958,rb2210,SHFE,0_0_     1428464,     1980966,多,平今,4951.0,2,2022-04-14 09:48:11
959,rb2210,SHFE,0_0_     1429106,     1981561,空,开,4951.0,1,2022-04-14 09:48:17
960,rb2210,SHFE,0_0_     1427001,     1981769,空,开,4952.0,1,2022-04-14 09:48:21
961,rb2210,SHFE,0_0_     1421021,     1983908,空,平今,4954.0,1,2022-04-14 09:48:47
962,rb2210,SHFE,0_0_     1433422,     1985073,多,开,4952.0,4,2022-04-14 09:49:03
963,rb2210,SHFE,0_0_     1433674,     1985352,空,开,4952.0,1,2022-04-14 09:49:06
964,rb2210,SHFE,0_0_     1434197,     1986225,多,平今,4954.0,2,2022-04-14 09:49:10
965,rb2210,SHFE,0_0_     1420553,     1986278,空,平今,4955.0,1,2022-04-14 09:49:11
966,rb2210,SHFE,0_0_     1436226,     1988833,空,平今,4958.0,1,2022-04-14 09:49:32
967,rb2210,SHFE,0_0_     1439540,     1996647,空,开,4959.0,4,2022-04-14 09:50:19
968,rb2210,SHFE,0_0_     1442299,     1996755,多,平今,4958.0,1,2022-04-14 09:50:20
969,rb2210,SHFE,0_0_     1442299,     1996892,多,平今,4958.0,3,2022-04-14 09:50:21
970,rb2210,SHFE,0_0_     1442601,     1997283,空,平今,4959.0,3,2022-04-14 09:50:22
971,rb2210,SHFE,0_0_     1444307,     2001682,多,开,4959.0,4,2022-04-14 09:50:36
972,rb2210,SHFE,0_0_     1442666,     2001718,多,平今,4958.0,3,2022-04-14 09:50:36
973,rb2210,SHFE,0_0_     1444982,     2001727,空,平今,4959.0,1,2022-04-14 09:50:36
974,rb2210,SHFE,0_0_     1444982,     2001737,空,平今,4959.0,2,2022-04-14 09:50:36
975,rb2210,SHFE,0_0_     1450470,     2011983,多,开,4954.0,3,2022-04-14 09:51:29
976,rb2210,SHFE,0_0_     1467969,     2031593,空,平今,4960.0,1,2022-04-14 09:54:19
977,rb2210,SHFE,0_0_     1472231,     2036913,多,开,4960.0,2,2022-04-14 09:55:00
978,rb2210,SHFE,0_0_     1484119,     2050299,多,开,4956.0,3,2022-04-14 09:57:09
979,rb2210,SHFE,0_0_     1484747,     2050659,空,平今,4956.0,1,2022-04-14 09:57:15
980,rb2210,SHFE,0_0_     1484846,     2050782,多,平今,4955.0,1,2022-04-14 09:57:17
981,rb2210,SHFE,0_0_     1486496,     2052875,空,开,4955.0,4,2022-04-14 09:57:42
982,rb2210,SHFE,0_0_     1484967,     2053950,空,平今,4956.0,1,2022-04-14 09:57:59
983,rb2210,SHFE,0_0_     1488717,     2054454,空,开,4954.0,4,2022-04-14 09:58:02
984,rb2210,SHFE,0_0_     1489385,     2055233,多,平今,4952.0,1,2022-04-14 09:58:09
985,rb2210,SHFE,0_0_     1489493,     2055301,多,平今,4952.0,2,2022-04-14 09:58:10
986,rb2210,SHFE,0_0_     1489810,     2055774,多,平今,4952.0,1,2022-04-14 09:58:15
987,rb2210,SHFE,0_0_     1489810,     2055787,多,平今,4952.0,1,2022-04-14 09:58:15
988,rb2210,SHFE,0_0_     1490507,     2057848,空,开,4954.0,3,2022-04-14 09:58:37
989,rb2210,SHFE,0_0_     1492317,     2057882,多,平今,4953.0,3,2022-04-14 09:58:39
990,rb2210,SHFE,0_0_     1497159,     2062376,空,平今,4950.0,2,2022-04-14 09:59:26
991,rb2210,SHFE,0_0_     1501413,     2068002,空,平今,4950.0,3,2022-04-14 10:00:05
992,rb2210,SHFE,0_0_     1495201,     2068213,空,开,4952.0,1,2022-04-14 10:00:06
993,rb2210,SHFE,0_0_     1495201,     2068215,空,开,4952.0,1,2022-04-14 10:00:06
994,rb2210,SHFE,0_0_     1492492,     2069343,空,开,4954.0,3,2022-04-14 10:00:09
995,rb2210,SHFE,0_0_     1488674,     2069994,空,平今,4955.0,1,2022-04-14 10:00:14
996,rb2210,SHFE,0_0_     1503345,     2070356,多,平今,4954.0,4,2022-04-14 10:00:17
997,rb2210,SHFE,0_0_     1503795,     2070861,多,平今,4954.0,1,2022-04-14 10:00:22
998,rb2210,SHFE,0_0_     1504207,     2070881,空,开,4955.0,1,2022-04-14 10:00:23
999,rb2210,SHFE,0_0_     1505956,     2072610,空,开,4952.0,4,2022-04-14 10:00:35
1000,rb2210,SHFE,0_0_     1506276,     2072770,多,开,4952.0,2,2022-04-14 10:00:36
1001,rb2210,SHFE,0_0_     1506276,     2072771,多,开,4952.0,1,2022-04-14 10:00:36
1002,rb2210,SHFE,0_0_     1506276,     2072780,多,开,4952.0,1,2022-04-14 10:00:36
1003,rb2210,SHFE,0_0_     1506276,     2072781,多,开,4952.0,1,2022-04-14 10:00:36
1004,rb2210,SHFE,0_0_     1506276,     2072782,多,开,4952.0,1,2022-04-14 10:00:36
1005,rb2210,SHFE,0_0_     1506276,     2072826,多,开,4952.0,1,2022-04-14 10:00:37
1006,rb2210,SHFE,0_0_     1506276,     2072836,多,开,4952.0,1,2022-04-14 10:00:37
1007,rb2210,SHFE,0_0_     1506074,     2073719,多,平今,4951.0,4,2022-04-14 10:00:44
1008,rb2210,SHFE,0_0_     1507456,     2073734,空,平今,4952.0,4,2022-04-14 10:00:45
1009,rb2210,SHFE,0_0_     1508891,     2075711,空,平今,4951.0,1,2022-04-14 10:01:00
1010,rb2210,SHFE,0_0_     1508891,     2075831,空,平今,4951.0,2,2022-04-14 10:01:01
1011,rb2210,SHFE,0_0_     1524862,     2093395,多,平今,4956.0,4,2022-04-14 10:03:46
1012,rb2210,SHFE,0_0_     1525002,     2093704,空,平今,4955.0,1,2022-04-14 10:03:49
1013,rb2210,SHFE,0_0_     1525072,     2093735,多,开,4954.0,1,2022-04-14 10:03:50
1014,rb2210,SHFE,0_0_     1533748,     2106301,空,开,4953.0,8,2022-04-14 10:05:24
1015,rb2210,SHFE,0_0_     1536216,     2106520,多,平今,4954.0,5,2022-04-14 10:05:25
1016,rb2210,SHFE,0_0_     1541648,     2112069,多,平今,4954.0,2,2022-04-14 10:06:22
1017,rb2210,SHFE,0_0_     1542121,     2113006,多,开,4955.0,7,2022-04-14 10:06:29
1018,rb2210,SHFE,0_0_     1545952,     2117286,空,平今,4959.0,3,2022-04-14 10:07:14
1019,rb2210,SHFE,0_0_     1545952,     2117288,空,平今,4959.0,1,2022-04-14 10:07:14
1020,rb2210,SHFE,0_0_     1549314,     2121181,空,平今,4965.0,1,2022-04-14 10:07:40
1021,rb2210,SHFE,0_0_     1549830,     2121311,空,平今,4965.0,1,2022-04-14 10:07:40
1022,rb2210,SHFE,0_0_     1549830,     2121319,空,平今,4965.0,1,2022-04-14 10:07:40
1023,rb2210,SHFE,0_0_     1550990,     2123728,空,开,4966.0,2,2022-04-14 10:07:55
1024,rb2210,SHFE,0_0_     1554721,     2126850,多,开,4965.0,3,2022-04-14 10:08:19
1025,rb2210,SHFE,0_0_     1551388,     2127159,空,开,4966.0,4,2022-04-14 10:08:21
1026,rb2210,SHFE,0_0_     1557595,     2130590,空,平今,4968.0,1,2022-04-14 10:08:42
1027,rb2210,SHFE,0_0_     1557595,     2130597,空,平今,4968.0,2,2022-04-14 10:08:42
1028,rb2210,SHFE,0_0_     1555068,     2131820,多,平今,4965.0,6,2022-04-14 10:08:50
1029,rb2210,SHFE,0_0_     1563540,     2137789,空,开,4964.0,1,2022-04-14 10:09:45
1030,rb2210,SHFE,0_0_     1558184,     2138938,空,平今,4967.0,1,2022-04-14 10:09:53
1031,rb2210,SHFE,0_0_     1564873,     2139510,多,平今,4966.0,1,2022-04-14 10:09:59
1032,rb2210,SHFE,0_0_     1564916,     2139522,多,开,4966.0,1,2022-04-14 10:09:59
1033,rb2210,SHFE,0_0_     1566852,     2141939,多,开,4966.0,3,2022-04-14 10:10:10
1034,rb2210,SHFE,0_0_     1567400,     2143425,空,平今,4966.0,1,2022-04-14 10:10:25
1035,rb2210,SHFE,0_0_     1567400,     2143433,空,平今,4966.0,1,2022-04-14 10:10:25
1036,rb2210,SHFE,0_0_     1567400,     2144234,空,平今,4966.0,2,2022-04-14 10:10:30
1037,rb2210,SHFE,0_0_     1569280,     2145057,空,开,4965.000000000001,3,2022-04-14 10:10:37
1038,rb2210,SHFE,0_0_     1569629,     2145455,多,平今,4965.0,3,2022-04-14 10:10:42
1039,rb2210,SHFE,0_0_     1569355,     2147115,多,开,4964.0,4,2022-04-14 10:10:58
1040,rb2210,SHFE,0_0_     1571028,     2149099,空,开,4965.0,5,2022-04-14 10:11:23
1041,rb2210,SHFE,0_0_     1573271,     2149756,多,平今,4965.0,1,2022-04-14 10:11:28
1042,rb2210,SHFE,0_0_     1573271,     2149761,多,平今,4965.0,1,2022-04-14 10:11:28
1043,rb2210,SHFE,0_0_     1573271,     2150071,多,平今,4965.0,1,2022-04-14 10:11:30
1044,rb2210,SHFE,0_0_     1573271,     2150342,多,平今,4965.0,2,2022-04-14 10:11:33
1045,rb2210,SHFE,0_0_     1575386,     2152335,空,开,4966.0,3,2022-04-14 10:11:52
1046,rb2210,SHFE,0_0_     1576851,     2153283,空,开,4966.0,2,2022-04-14 10:12:05
1047,rb2210,SHFE,0_0_     1584653,     2158530,多,平今,4964.0,2,2022-04-14 10:13:08
1048,rb2210,SHFE,0_0_     1584653,     2158538,多,平今,4964.0,1,2022-04-14 10:13:08
1049,rb2210,SHFE,0_0_     1584653,     2158577,多,平今,4964.0,1,2022-04-14 10:13:08
1050,rb2210,SHFE,0_0_     1592016,     2176161,多,平今,4962.0,1,2022-04-14 10:30:15
1051,rb2210,SHFE,0_0_     1592016,     2176169,多,平今,4962.0,1,2022-04-14 10:30:15
1052,rb2210,SHFE,0_0_     1592128,     2177153,多,开,4963.0,1,2022-04-14 10:30:20
1053,rb2210,SHFE,0_0_     1592128,     2177230,多,开,4963.0,1,2022-04-14 10:30:21
1054,rb2210,SHFE,0_0_     1592128,     2177242,多,开,4963.0,1,2022-04-14 10:30:21
1055,rb2210,SHFE,0_0_     1593168,     2180873,空,平今,4961.0,4,2022-04-14 10:30:53
1056,rb2210,SHFE,0_0_     1608282,     2207738,多,开,4962.0,3,2022-04-14 10:35:01
1057,rb2210,SHFE,0_0_     1611086,     2208902,空,平今,4963.0,3,2022-04-14 10:35:11
1058,rb2210,SHFE,0_0_     1612485,     2209117,多,开,4962.0,3,2022-04-14 10:35:13
1059,rb2210,SHFE,0_0_     1617991,     2213405,多,开,4963.0,1,2022-04-14 10:35:52
1060,rb2210,SHFE,0_0_     1629603,     2221778,空,平今,4964.0,1,2022-04-14 10:37:31
1061,rb2210,SHFE,0_0_     1630704,     2224119,空,平今,4965.0,1,2022-04-14 10:37:55
1062,rb2210,SHFE,0_0_     1633591,     2224405,多,开,4965.0,2,2022-04-14 10:37:59
1063,rb2210,SHFE,0_0_     1644194,     2233131,空,平今,4962.0,4,2022-04-14 10:39:27
1064,rb2210,SHFE,0_0_     1653922,     2238680,空,开,4964.0,4,2022-04-14 10:40:52
1065,rb2210,SHFE,0_0_     1656337,     2239704,多,平今,4964.0,1,2022-04-14 10:41:03
1066,rb2210,SHFE,0_0_     1656337,     2239739,多,平今,4964.0,1,2022-04-14 10:41:04
1067,rb2210,SHFE,0_0_     1661360,     2242996,空,平今,4959.0,2,2022-04-14 10:41:41
1068,rb2210,SHFE,0_0_     1677775,     2255723,多,平今,4954.0,2,2022-04-14 10:43:50
1069,rb2210,SHFE,0_0_     1678369,     2255973,空,开,4954.0,2,2022-04-14 10:43:53
1070,rb2210,SHFE,0_0_     1685354,     2261268,多,平今,4956.0,1,2022-04-14 10:44:59
1071,rb2210,SHFE,0_0_     1668625,     2262090,空,开,4959.0,1,2022-04-14 10:45:02
1072,rb2210,SHFE,0_0_     1668625,     2262099,空,开,4959.0,1,2022-04-14 10:45:02
1073,rb2210,SHFE,0_0_     1668625,     2262100,空,开,4959.0,1,2022-04-14 10:45:02
1074,rb2210,SHFE,0_0_     1668625,     2262105,空,开,4959.0,1,2022-04-14 10:45:02
1075,rb2210,SHFE,0_0_     1668625,     2262119,空,开,4959.0,1,2022-04-14 10:45:02
1076,rb2210,SHFE,0_0_     1668625,     2262130,空,开,4959.0,1,2022-04-14 10:45:02
1077,rb2210,SHFE,0_0_     1686112,     2263225,多,开,4957.0,1,2022-04-14 10:45:13
1078,rb2210,SHFE,0_0_     1687671,     2263275,多,平今,4957.0,4,2022-04-14 10:45:13
1079,rb2210,SHFE,0_0_     1682013,     2265653,多,开,4954.0,5,2022-04-14 10:45:38
1080,rb2210,SHFE,0_0_     1690024,     2265970,空,平今,4954.0,4,2022-04-14 10:45:39
1081,rb2210,SHFE,0_0_     1689942,     2270680,空,平今,4955.0,1,2022-04-14 10:46:14
1082,rb2210,SHFE,0_0_     1694333,     2273641,多,开,4953.0,3,2022-04-14 10:46:48
1083,rb2210,SHFE,0_0_     1694333,     2273705,多,开,4953.0,1,2022-04-14 10:46:49
1084,rb2210,SHFE,0_0_     1698560,     2273707,空,平今,4954.0,2,2022-04-14 10:46:49
1085,rb2210,SHFE,0_0_     1698560,     2273743,空,平今,4954.0,2,2022-04-14 10:46:49
1086,rb2210,SHFE,0_0_     1701648,     2276714,多,平今,4953.0,1,2022-04-14 10:47:27
1087,rb2210,SHFE,0_0_     1702390,     2286270,空,平今,4954.0,1,2022-04-14 10:49:11
1088,rb2210,SHFE,0_0_     1702390,     2286277,空,平今,4954.0,1,2022-04-14 10:49:11
1089,rb2210,SHFE,0_0_     1714851,     2288231,多,开,4954.0,4,2022-04-14 10:49:25
1090,rb2210,SHFE,0_0_     1716193,     2289913,多,平今,4954.0,2,2022-04-14 10:49:41
1091,rb2210,SHFE,0_0_     1719712,     2293205,空,平今,4955.0,1,2022-04-14 10:50:16
1092,rb2210,SHFE,0_0_     1722424,     2297428,多,开,4955.0,3,2022-04-14 10:50:51
1093,rb2210,SHFE,0_0_     1722424,     2297432,多,开,4955.0,1,2022-04-14 10:50:51
1094,rb2210,SHFE,0_0_     1687713,     2300052,空,开,4958.0,5,2022-04-14 10:51:15
1095,rb2210,SHFE,0_0_     1725284,     2301854,多,平今,4957.0,5,2022-04-14 10:51:32
1096,rb2210,SHFE,0_0_     1727240,     2302151,空,平今,4958.0,5,2022-04-14 10:51:36
1097,rb2210,SHFE,0_0_     1727556,     2303240,多,开,4957.0,4,2022-04-14 10:51:52
1098,rb2210,SHFE,0_0_     1727556,     2303326,多,开,4957.0,1,2022-04-14 10:51:54
1099,rb2210,SHFE,0_0_     1734589,     2309801,空,平今,4956.0,1,2022-04-14 10:53:04
1100,rb2210,SHFE,0_0_     1734589,     2309817,空,平今,4956.0,2,2022-04-14 10:53:04
1101,rb2210,SHFE,0_0_     1734589,     2309871,空,平今,4956.0,1,2022-04-14 10:53:05
1102,rb2210,SHFE,0_0_     1728684,     2311118,空,平今,4958.0,1,2022-04-14 10:53:22
1103,rb2210,SHFE,0_0_     1739960,     2315046,多,开,4960.0,1,2022-04-14 10:54:08
1104,rb2210,SHFE,0_0_     1739960,     2315047,多,开,4960.0,1,2022-04-14 10:54:08
1105,rb2210,SHFE,0_0_     1740270,     2315570,空,开,4961.0,8,2022-04-14 10:54:12
1106,rb2210,SHFE,0_0_     1740920,     2316691,多,平今,4962.0,4,2022-04-14 10:54:23
1107,rb2210,SHFE,0_0_     1740368,     2318076,多,平今,4961.0,4,2022-04-14 10:54:34
1108,rb2210,SHFE,0_0_     1742325,     2318288,空,平今,4962.0,1,2022-04-14 10:54:35
1109,rb2210,SHFE,0_0_     1745687,     2321355,多,开,4963.0,1,2022-04-14 10:55:01
1110,rb2210,SHFE,0_0_     1745959,     2323041,空,平今,4963.0,2,2022-04-14 10:55:14
1111,rb2210,SHFE,0_0_     1753339,     2329582,多,开,4960.0,4,2022-04-14 10:56:21
1112,rb2210,SHFE,0_0_     1753339,     2329583,多,开,4960.0,1,2022-04-14 10:56:21
1113,rb2210,SHFE,0_0_     1756104,     2331484,空,平今,4959.0,1,2022-04-14 10:56:40
1114,rb2210,SHFE,0_0_     1756104,     2331485,空,平今,4959.0,1,2022-04-14 10:56:40
1115,rb2210,SHFE,0_0_     1763582,     2339084,空,平今,4966.0,4,2022-04-14 10:58:00
1116,rb2210,SHFE,0_0_     1764460,     2339400,多,开,4966.0,1,2022-04-14 10:58:03
1117,rb2210,SHFE,0_0_     1774626,     2351937,多,开,4973.0,1,2022-04-14 11:00:01
1118,rb2210,SHFE,0_0_     1774732,     2352501,空,开,4974.0,4,2022-04-14 11:00:02
1119,rb2210,SHFE,0_0_     1774985,     2352534,多,平今,4973.0,4,2022-04-14 11:00:02
1120,rb2210,SHFE,0_0_     1774994,     2352630,空,开,4974.0,4,2022-04-14 11:00:02
1121,rb2210,SHFE,0_0_     1775370,     2353119,多,平今,4974.0,1,2022-04-14 11:00:04
1122,rb2210,SHFE,0_0_     1775509,     2353562,空,平今,4974.0,1,2022-04-14 11:00:07
1123,rb2210,SHFE,0_0_     1775587,     2353567,多,平今,4973.0,1,2022-04-14 11:00:07
1124,rb2210,SHFE,0_0_     1775588,     2353656,空,平今,4974.0,1,2022-04-14 11:00:08
1125,rb2210,SHFE,0_0_     1775662,     2353662,多,平今,4973.0,1,2022-04-14 11:00:08
1126,rb2210,SHFE,0_0_     1776793,     2355127,多,开,4971.0,2,2022-04-14 11:00:18
1127,rb2210,SHFE,0_0_     1781975,     2360009,空,平今,4970.0,1,2022-04-14 11:01:04
1128,rb2210,SHFE,0_0_     1778322,     2360828,空,平今,4971.0,2,2022-04-14 11:01:15
1129,rb2210,SHFE,0_0_     1783715,     2361664,多,开,4970.0,2,2022-04-14 11:01:22
1130,rb2210,SHFE,0_0_     1784175,     2361700,空,平今,4971.0,1,2022-04-14 11:01:22
1131,rb2210,SHFE,0_0_     1784175,     2361705,空,平今,4971.0,1,2022-04-14 11:01:22
1132,rb2210,SHFE,0_0_     1788558,     2367491,多,平今,4968.0,1,2022-04-14 11:02:22
1133,rb2210,SHFE,0_0_     1768050,     2367980,多,开,4967.0,2,2022-04-14 11:02:28
1134,rb2210,SHFE,0_0_     1768050,     2368052,多,开,4967.0,2,2022-04-14 11:02:29
1135,rb2210,SHFE,0_0_     1789809,     2368247,空,平今,4968.0,1,2022-04-14 11:02:32
1136,rb2210,SHFE,0_0_     1791471,     2369988,多,开,4971.0,2,2022-04-14 11:02:48
1137,rb2210,SHFE,0_0_     1793831,     2372163,空,平今,4971.0,1,2022-04-14 11:03:15
1138,rb2210,SHFE,0_0_     1793831,     2372164,空,平今,4971.0,1,2022-04-14 11:03:15
1139,rb2210,SHFE,0_0_     1775668,     2374736,空,开,4974.0,1,2022-04-14 11:03:39
1140,rb2210,SHFE,0_0_     1775668,     2374814,空,开,4974.0,1,2022-04-14 11:03:40
1141,rb2210,SHFE,0_0_     1775668,     2374820,空,开,4974.0,1,2022-04-14 11:03:40
1142,rb2210,SHFE,0_0_     1775668,     2374832,空,开,4974.0,1,2022-04-14 11:03:40
1143,rb2210,SHFE,0_0_     1797272,     2376763,空,平今,4974.0,1,2022-04-14 11:03:53
1144,rb2210,SHFE,0_0_     1797272,     2376773,空,平今,4974.0,1,2022-04-14 11:03:53
1145,rb2210,SHFE,0_0_     1794076,     2381599,多,开,4970.0,2,2022-04-14 11:04:34
1146,rb2210,SHFE,0_0_     1800937,     2381774,空,平今,4971.0,2,2022-04-14 11:04:36
1147,rb2210,SHFE,0_0_     1801064,     2388288,多,平今,4970.0,2,2022-04-14 11:05:50
1148,rb2210,SHFE,0_0_     1812077,     2392001,多,开,4966.0,4,2022-04-14 11:06:21
1149,rb2210,SHFE,0_0_     1812779,     2392925,多,平今,4968.0,2,2022-04-14 11:06:29
1150,rb2210,SHFE,0_0_     1819598,     2401796,空,平今,4966.0,3,2022-04-14 11:07:48
1151,rb2210,SHFE,0_0_     1819861,     2404123,多,开,4966.0,1,2022-04-14 11:08:07
1152,rb2210,SHFE,0_0_     1822864,     2408258,多,开,4964.0,1,2022-04-14 11:08:43
1153,rb2210,SHFE,0_0_     1824607,     2409375,空,开,4965.0,2,2022-04-14 11:08:52
1154,rb2210,SHFE,0_0_     1824607,     2409541,空,开,4965.0,2,2022-04-14 11:08:53
1155,rb2210,SHFE,0_0_     1825497,     2410461,空,开,4963.0,1,2022-04-14 11:08:59
1156,rb2210,SHFE,0_0_     1825497,     2410471,空,开,4963.0,1,2022-04-14 11:08:59
1157,rb2210,SHFE,0_0_     1825638,     2419902,多,平今,4962.0,3,2022-04-14 11:10:25
1158,rb2210,SHFE,0_0_     1825638,     2419903,多,平今,4962.0,1,2022-04-14 11:10:25
1159,rb2210,SHFE,0_0_     1832607,     2420130,空,开,4963.0,4,2022-04-14 11:10:26
1160,rb2210,SHFE,0_0_     1835309,     2422478,空,平今,4960.0,1,2022-04-14 11:10:49
1161,rb2210,SHFE,0_0_     1836167,     2423275,多,平今,4960.0,2,2022-04-14 11:10:57
1162,rb2210,SHFE,0_0_     1836276,     2423849,空,开,4960.0,1,2022-04-14 11:11:02
1163,rb2210,SHFE,0_0_     1836276,     2423972,空,开,4960.0,2,2022-04-14 11:11:03
1164,rb2210,SHFE,0_0_     1836276,     2423974,空,开,4960.0,1,2022-04-14 11:11:03
1165,rb2210,SHFE,0_0_     1837638,     2425044,多,平今,4958.0,1,2022-04-14 11:11:14
1166,rb2210,SHFE,0_0_     1839216,     2427519,多,平今,4956.0,3,2022-04-14 11:11:30
1167,rb2210,SHFE,0_0_     1839637,     2427540,空,平今,4957.0,3,2022-04-14 11:11:30
1168,rb2210,SHFE,0_0_     1841080,     2429379,多,开,4958.0,1,2022-04-14 11:11:48
1169,rb2210,SHFE,0_0_     1841080,     2429391,多,开,4958.0,1,2022-04-14 11:11:48
1170,rb2210,SHFE,0_0_     1841080,     2429393,多,开,4958.0,1,2022-04-14 11:11:48
1171,rb2210,SHFE,0_0_     1841080,     2429402,多,开,4958.0,2,2022-04-14 11:11:48
1172,rb2210,SHFE,0_0_     1841080,     2429409,多,开,4958.0,3,2022-04-14 11:11:48
1173,rb2210,SHFE,0_0_     1851273,     2441917,多,平今,4963.0,2,2022-04-14 11:14:13
1174,rb2210,SHFE,0_0_     1863907,     2452735,空,平今,4966.0,4,2022-04-14 11:16:23
1175,rb2210,SHFE,0_0_     1863965,     2454201,多,开,4966.0,4,2022-04-14 11:16:35
1176,rb2210,SHFE,0_0_     1867683,     2458140,空,平今,4965.0,4,2022-04-14 11:17:19
1177,rb2210,SHFE,0_0_     1864835,     2458500,空,平今,4967.0,4,2022-04-14 11:17:23
1178,rb2210,SHFE,0_0_     1873952,     2464439,空,开,4971.0,1,2022-04-14 11:18:10
1179,rb2210,SHFE,0_0_     1876858,     2467334,多,平今,4972.0,1,2022-04-14 11:18:38
1180,rb2210,SHFE,0_0_     1877262,     2467785,空,开,4972.0,4,2022-04-14 11:18:43
1181,rb2210,SHFE,0_0_     1877814,     2469215,空,开,4974.0,1,2022-04-14 11:18:53
1182,rb2210,SHFE,0_0_     1878396,     2469473,空,开,4974.0,1,2022-04-14 11:18:55
1183,rb2210,SHFE,0_0_     1881349,     2474804,多,平今,4976.0,1,2022-04-14 11:19:18
1184,rb2210,SHFE,0_0_     1878720,     2480406,多,平今,4973.0,1,2022-04-14 11:19:56
1185,rb2210,SHFE,0_0_     1885771,     2480782,空,开,4974.0,1,2022-04-14 11:19:59
1186,rb2210,SHFE,0_0_     1886040,     2482547,多,平今,4973.0,2,2022-04-14 11:20:10
1187,rb2210,SHFE,0_0_     1886998,     2485133,空,开,4974.0,2,2022-04-14 11:20:35
1188,rb2210,SHFE,0_0_     1889377,     2485939,多,平今,4974.0,4,2022-04-14 11:20:40
1189,rb2210,SHFE,0_0_     1890210,     2486810,空,开,4976.0,1,2022-04-14 11:20:46
1190,rb2210,SHFE,0_0_     1890210,     2486812,空,开,4976.0,1,2022-04-14 11:20:46
1191,rb2210,SHFE,0_0_     1890210,     2486826,空,开,4976.0,2,2022-04-14 11:20:46
1192,rb2210,SHFE,0_0_     1890483,     2486966,多,平今,4974.0,1,2022-04-14 11:20:48
1193,rb2210,SHFE,0_0_     1890598,     2487157,空,开,4974.0,2,2022-04-14 11:20:50
1194,rb2210,SHFE,0_0_     1892234,     2489799,多,开,4975.0,1,2022-04-14 11:21:05
1195,rb2210,SHFE,0_0_     1892234,     2490037,多,开,4975.0,6,2022-04-14 11:21:06
1196,rb2210,SHFE,0_0_     1892647,     2490523,多,平今,4975.0,3,2022-04-14 11:21:09
1197,rb2210,SHFE,0_0_     1892647,     2490524,多,平今,4975.0,1,2022-04-14 11:21:09
1198,rb2210,SHFE,0_0_     1892647,     2490572,多,平今,4975.0,1,2022-04-14 11:21:09
1199,rb2210,SHFE,0_0_     1892647,     2490580,多,平今,4975.0,1,2022-04-14 11:21:09
1200,rb2210,SHFE,0_0_     1894064,     2492253,空,平今,4975.0,2,2022-04-14 11:21:23
1201,rb2210,SHFE,0_0_     1893793,     2492325,空,平今,4977.0,1,2022-04-14 11:21:23
1202,rb2210,SHFE,0_0_     1894874,     2493317,空,平今,4976.0,2,2022-04-14 11:21:31
1203,rb2210,SHFE,0_0_     1895063,     2493448,多,开,4975.0,1,2022-04-14 11:21:32
1204,rb2210,SHFE,0_0_     1895063,     2493784,多,开,4975.0,1,2022-04-14 11:21:35
1205,rb2210,SHFE,0_0_     1895063,     2493800,多,开,4975.0,1,2022-04-14 11:21:35
1206,rb2210,SHFE,0_0_     1895294,     2493834,空,平今,4976.0,1,2022-04-14 11:21:35
1207,rb2210,SHFE,0_0_     1897178,     2496888,多,平今,4984.0,1,2022-04-14 11:21:51
1208,rb2210,SHFE,0_0_     1897174,     2497156,多,开,4983.0,1,2022-04-14 11:21:51
1209,rb2210,SHFE,0_0_     1897174,     2497159,多,开,4983.0,1,2022-04-14 11:21:51
1210,rb2210,SHFE,0_0_     1897174,     2497164,多,开,4983.0,1,2022-04-14 11:21:51
1211,rb2210,SHFE,0_0_     1897104,     2499375,多,平今,4982.0,1,2022-04-14 11:21:59
1212,rb2210,SHFE,0_0_     1898369,     2499604,空,开,4983.0,4,2022-04-14 11:22:00
1213,rb2210,SHFE,0_0_     1898665,     2499852,空,开,4983.0,4,2022-04-14 11:22:02
1214,rb2210,SHFE,0_0_     1898797,     2500068,空,平今,4983.0,1,2022-04-14 11:22:03
1215,rb2210,SHFE,0_0_     1903427,     2505634,多,平今,4984.0,1,2022-04-14 11:22:39
1216,rb2210,SHFE,0_0_     1903427,     2505639,多,平今,4984.0,1,2022-04-14 11:22:39
1217,rb2210,SHFE,0_0_     1903460,     2505850,多,平今,4984.0,1,2022-04-14 11:22:41
1218,rb2210,SHFE,0_0_     1903460,     2505858,多,平今,4984.0,3,2022-04-14 11:22:41
1219,rb2210,SHFE,0_0_     1903669,     2506022,多,平今,4984.0,2,2022-04-14 11:22:42
1220,rb2210,SHFE,0_0_     1903926,     2506437,空,开,4985.0,3,2022-04-14 11:22:46
1221,rb2210,SHFE,0_0_     1903941,     2506530,多,平今,4984.0,2,2022-04-14 11:22:47
1222,rb2210,SHFE,0_0_     1904045,     2506799,空,开,4985.0,3,2022-04-14 11:22:49
1223,rb2210,SHFE,0_0_     1897650,     2507343,空,平今,4986.0,4,2022-04-14 11:22:51
1224,rb2210,SHFE,0_0_     1904543,     2507768,多,开,4985.0,4,2022-04-14 11:22:53
1225,rb2210,SHFE,0_0_     1904839,     2507832,空,平今,4986.0,4,2022-04-14 11:22:54
1226,rb2210,SHFE,0_0_     1904869,     2509010,多,开,4985.0,6,2022-04-14 11:22:59
1227,rb2210,SHFE,0_0_     1905511,     2509090,空,平今,4986.0,8,2022-04-14 11:22:59
1228,rb2210,SHFE,0_0_     1906081,     2509990,空,开,4987.0,4,2022-04-14 11:23:03
1229,rb2210,SHFE,0_0_     1906699,     2510570,多,平今,4987.0,2,2022-04-14 11:23:06
1230,rb2210,SHFE,0_0_     1908082,     2514252,空,开,4991.000000000001,2,2022-04-14 11:23:26
1231,rb2210,SHFE,0_0_     1909267,     2516008,多,平今,4990.000000000001,1,2022-04-14 11:23:37
1232,rb2210,SHFE,0_0_     1909181,     2517416,多,平今,4989.0,1,2022-04-14 11:23:45
1233,rb2210,SHFE,0_0_     1910127,     2517559,空,开,4990.000000000001,1,2022-04-14 11:23:46
1234,rb2210,SHFE,0_0_     1912367,     2520801,多,平今,4988.0,1,2022-04-14 11:24:07
