,code,exchange,orderid,tradeid,direction,offset,price,volume,datetime
0,rb2210,SHFE,0_0_         547,       41152,多,开,5009.0,1,2022-04-08 21:00:30
1,rb2210,SHFE,0_0_         547,       41177,多,开,5009.0,1,2022-04-08 21:00:30
2,rb2210,SHFE,0_0_         547,       41207,多,开,5009.0,1,2022-04-08 21:00:30
3,rb2210,SHFE,0_0_         594,       43935,多,开,5009.0,1,2022-04-08 21:00:34
4,rb2210,SHFE,0_0_         625,       44989,空,平今,5009.0,3,2022-04-08 21:00:35
5,rb2210,SHFE,0_0_         653,       45573,多,开,5009.0,1,2022-04-08 21:00:36
6,rb2210,SHFE,0_0_         653,       45574,多,开,5009.0,1,2022-04-08 21:00:36
7,rb2210,SHFE,0_0_         653,       45575,多,开,5009.0,1,2022-04-08 21:00:36
8,rb2210,SHFE,0_0_         669,       52417,空,平今,5009.0,4,2022-04-08 21:00:48
9,rb2210,SHFE,0_0_         843,       53759,多,开,5008.0,4,2022-04-08 21:00:51
10,rb2210,SHFE,0_0_         941,       57933,多,开,5010.0,2,2022-04-08 21:00:59
11,rb2210,SHFE,0_0_        1020,       58166,空,平今,5012.0,4,2022-04-08 21:01:00
12,rb2210,SHFE,0_0_        1027,       58829,空,开,5013.0,4,2022-04-08 21:01:00
13,rb2210,SHFE,0_0_        1091,       61331,多,平今,5010.000000000001,4,2022-04-08 21:01:03
14,rb2210,SHFE,0_0_        1092,       62530,空,开,5011.0,4,2022-04-08 21:01:05
15,rb2210,SHFE,0_0_        1131,       62680,多,平今,5010.0,4,2022-04-08 21:01:05
16,rb2210,SHFE,0_0_        1152,       64982,空,开,5010.0,4,2022-04-08 21:01:09
17,rb2210,SHFE,0_0_        1211,       65018,多,平今,5009.0,1,2022-04-08 21:01:09
18,rb2210,SHFE,0_0_        1211,       65047,多,平今,5009.0,1,2022-04-08 21:01:09
19,rb2210,SHFE,0_0_        1211,       65048,多,平今,5009.0,2,2022-04-08 21:01:09
20,rb2210,SHFE,0_0_        1267,       66642,多,开,5008.0,5,2022-04-08 21:01:12
21,rb2210,SHFE,0_0_        1268,       66685,空,平今,5009.0,5,2022-04-08 21:01:12
22,rb2210,SHFE,0_0_        1269,       66689,多,开,5008.0,1,2022-04-08 21:01:12
23,rb2210,SHFE,0_0_        1269,       66695,多,开,5008.0,1,2022-04-08 21:01:12
24,rb2210,SHFE,0_0_        1269,       66700,多,开,5008.0,3,2022-04-08 21:01:13
25,rb2210,SHFE,0_0_        1212,       73252,空,开,5010.0,4,2022-04-08 21:01:26
26,rb2210,SHFE,0_0_        1918,       75880,多,平今,5008.0,3,2022-04-08 21:01:32
27,rb2210,SHFE,0_0_        1956,       76550,空,平昨,5007.0,1,2022-04-08 21:01:33
28,rb2210,SHFE,0_0_        2018,       77725,空,平今,5007.0,2,2022-04-08 21:01:36
29,rb2210,SHFE,0_0_        2098,       79450,空,平今,5008.0,5,2022-04-08 21:01:40
30,rb2210,SHFE,0_0_        2531,       87830,多,平今,5008.0,1,2022-04-08 21:01:59
31,rb2210,SHFE,0_0_        2839,       90369,空,开,5010.0,1,2022-04-08 21:02:04
32,rb2210,SHFE,0_0_        2856,       90663,空,开,5010.0,2,2022-04-08 21:02:05
33,rb2210,SHFE,0_0_        2880,       90694,多,平今,5009.0,2,2022-04-08 21:02:05
34,rb2210,SHFE,0_0_        3759,      101793,多,开,5003.0,3,2022-04-08 21:02:26
35,rb2210,SHFE,0_0_        3771,      101944,空,平今,5004.0,3,2022-04-08 21:02:27
36,rb2210,SHFE,0_0_        3782,      102020,多,开,5003.0,3,2022-04-08 21:02:27
37,rb2210,SHFE,0_0_        3800,      102087,空,平今,5004.0,3,2022-04-08 21:02:27
38,rb2210,SHFE,0_0_        3807,      102495,多,开,5003.000000000001,3,2022-04-08 21:02:28
39,rb2210,SHFE,0_0_        3845,      102532,空,开,5004.0,4,2022-04-08 21:02:28
40,rb2210,SHFE,0_0_        3846,      102558,多,平今,5003.0,4,2022-04-08 21:02:28
41,rb2210,SHFE,0_0_        3863,      102586,空,开,5004.0,4,2022-04-08 21:02:28
42,rb2210,SHFE,0_0_        3868,      102948,多,平今,5003.0,4,2022-04-08 21:02:28
43,rb2210,SHFE,0_0_        3877,      103102,空,开,5004.0,1,2022-04-08 21:02:29
44,rb2210,SHFE,0_0_        3877,      103123,空,开,5004.0,1,2022-04-08 21:02:29
45,rb2210,SHFE,0_0_        3877,      104296,空,开,5004.0,2,2022-04-08 21:02:31
46,rb2210,SHFE,0_0_        3988,      104329,多,平今,5003.000000000001,2,2022-04-08 21:02:31
47,rb2210,SHFE,0_0_        4618,      110379,空,平今,5003.0,3,2022-04-08 21:02:48
48,rb2210,SHFE,0_0_        4752,      111448,多,开,5002.0,4,2022-04-08 21:02:50
49,rb2210,SHFE,0_0_        5326,      114504,空,开,5001.0,2,2022-04-08 21:02:59
50,rb2210,SHFE,0_0_        5326,      114508,空,开,5001.0,1,2022-04-08 21:02:59
51,rb2210,SHFE,0_0_        5326,      114511,空,开,5001.0,1,2022-04-08 21:02:59
52,rb2210,SHFE,0_0_        5326,      114512,空,开,5001.0,1,2022-04-08 21:02:59
53,rb2210,SHFE,0_0_        5436,      115454,空,平今,5000.0,4,2022-04-08 21:03:01
54,rb2210,SHFE,0_0_        5536,      117002,多,平今,4998.0,3,2022-04-08 21:03:03
55,rb2210,SHFE,0_0_        5536,      117024,多,平今,4998.0,1,2022-04-08 21:03:03
56,rb2210,SHFE,0_0_        5587,      117465,多,平今,4998.0,4,2022-04-08 21:03:04
57,rb2210,SHFE,0_0_        5638,      118097,多,开,4998.0,1,2022-04-08 21:03:06
58,rb2210,SHFE,0_0_        5768,      119033,空,平今,4999.0,1,2022-04-08 21:03:08
59,rb2210,SHFE,0_0_        5885,      119792,空,开,4999.0,2,2022-04-08 21:03:09
60,rb2210,SHFE,0_0_        5891,      120367,多,平今,4998.0,2,2022-04-08 21:03:10
61,rb2210,SHFE,0_0_        5976,      120566,空,开,4999.0,8,2022-04-08 21:03:11
62,rb2210,SHFE,0_0_        5993,      120621,多,平今,4998.0,8,2022-04-08 21:03:11
63,rb2210,SHFE,0_0_        6009,      120755,空,开,4999.0,8,2022-04-08 21:03:11
64,rb2210,SHFE,0_0_        6138,      121362,多,平今,4998.0,1,2022-04-08 21:03:13
65,rb2210,SHFE,0_0_        6138,      121364,多,平今,4998.0,3,2022-04-08 21:03:13
66,rb2210,SHFE,0_0_        6196,      121368,空,开,4999.0,4,2022-04-08 21:03:13
67,rb2210,SHFE,0_0_        6197,      122158,多,平今,4998.0,1,2022-04-08 21:03:15
68,rb2210,SHFE,0_0_        6197,      122174,多,平今,4998.0,2,2022-04-08 21:03:15
69,rb2210,SHFE,0_0_        6197,      122431,多,平今,4998.0,1,2022-04-08 21:03:15
70,rb2210,SHFE,0_0_        6357,      123284,空,开,4999.0,1,2022-04-08 21:03:17
71,rb2210,SHFE,0_0_        6425,      123508,多,平今,4998.0,1,2022-04-08 21:03:17
72,rb2210,SHFE,0_0_        6429,      123679,空,开,4999.0,1,2022-04-08 21:03:17
73,rb2210,SHFE,0_0_        6502,      124300,多,平今,4998.0,1,2022-04-08 21:03:18
74,rb2210,SHFE,0_0_        6502,      124301,多,平今,4998.0,1,2022-04-08 21:03:18
75,rb2210,SHFE,0_0_        6502,      124302,多,平今,4998.0,1,2022-04-08 21:03:18
76,rb2210,SHFE,0_0_        6502,      124303,多,平今,4998.0,1,2022-04-08 21:03:18
77,rb2210,SHFE,0_0_        6518,      124362,空,开,4999.0,2,2022-04-08 21:03:18
78,rb2210,SHFE,0_0_        6518,      124363,空,开,4999.0,2,2022-04-08 21:03:18
79,rb2210,SHFE,0_0_        6519,      124407,多,平今,4998.0,1,2022-04-08 21:03:18
80,rb2210,SHFE,0_0_        6519,      124408,多,平今,4998.0,1,2022-04-08 21:03:18
81,rb2210,SHFE,0_0_        6519,      124409,多,平今,4998.0,1,2022-04-08 21:03:18
82,rb2210,SHFE,0_0_        6519,      124410,多,平今,4998.0,1,2022-04-08 21:03:18
83,rb2210,SHFE,0_0_        6530,      124861,空,开,4999.0,3,2022-04-08 21:03:20
84,rb2210,SHFE,0_0_        6530,      124876,空,开,4999.0,1,2022-04-08 21:03:20
85,rb2210,SHFE,0_0_        6573,      125458,多,平今,4998.0,1,2022-04-08 21:03:22
86,rb2210,SHFE,0_0_        6573,      125468,多,平今,4998.0,3,2022-04-08 21:03:22
87,rb2210,SHFE,0_0_        6714,      125665,空,开,4999.0,3,2022-04-08 21:03:22
88,rb2210,SHFE,0_0_        6716,      126181,多,平今,4998.0,4,2022-04-08 21:03:24
89,rb2210,SHFE,0_0_        6809,      126277,空,开,4999.0,4,2022-04-08 21:03:24
90,rb2210,SHFE,0_0_        6865,      126402,多,平今,4998.0,2,2022-04-08 21:03:25
91,rb2210,SHFE,0_0_        6865,      126414,多,平今,4998.0,2,2022-04-08 21:03:25
92,rb2210,SHFE,0_0_        6882,      128544,空,开,4999.0,4,2022-04-08 21:03:32
93,rb2210,SHFE,0_0_        7244,      128930,多,平今,4998.0,2,2022-04-08 21:03:33
94,rb2210,SHFE,0_0_        7318,      129080,空,开,4999.0,1,2022-04-08 21:03:34
95,rb2210,SHFE,0_0_        7331,      129904,多,开,4998.0,5,2022-04-08 21:03:37
96,rb2210,SHFE,0_0_        7533,      130158,空,平今,4999.0,5,2022-04-08 21:03:38
97,rb2210,SHFE,0_0_        7572,      130543,多,开,4998.0,5,2022-04-08 21:03:39
98,rb2210,SHFE,0_0_        7638,      131603,空,平今,4999.0,1,2022-04-08 21:03:43
99,rb2210,SHFE,0_0_        7820,      132035,空,平今,4999.0,1,2022-04-08 21:03:44
100,rb2210,SHFE,0_0_        7820,      132036,空,平今,4999.0,1,2022-04-08 21:03:44
101,rb2210,SHFE,0_0_        7820,      132037,空,平今,4999.0,1,2022-04-08 21:03:44
102,rb2210,SHFE,0_0_        7768,      132251,多,开,4998.0,4,2022-04-08 21:03:45
103,rb2210,SHFE,0_0_        7903,      133152,空,平今,4999.0,2,2022-04-08 21:03:50
104,rb2210,SHFE,0_0_        7903,      133153,空,平今,4999.0,2,2022-04-08 21:03:50
105,rb2210,SHFE,0_0_        9236,      138257,多,开,5001.0,7,2022-04-08 21:04:07
106,rb2210,SHFE,0_0_        9382,      139223,空,平今,5002.0,3,2022-04-08 21:04:10
107,rb2210,SHFE,0_0_        9487,      139584,空,平今,5002.000000000001,4,2022-04-08 21:04:12
108,rb2210,SHFE,0_0_       12719,      152727,多,平今,5006.0,2,2022-04-08 21:05:00
109,rb2210,SHFE,0_0_       13163,      154457,空,开,5006.0,3,2022-04-08 21:05:03
110,rb2210,SHFE,0_0_       13913,      156560,空,开,5007.0,3,2022-04-08 21:05:08
111,rb2210,SHFE,0_0_       13945,      156842,多,平今,5006.0,3,2022-04-08 21:05:08
112,rb2210,SHFE,0_0_       14053,      157163,多,平今,5007.0,1,2022-04-08 21:05:09
113,rb2210,SHFE,0_0_       14063,      157608,空,平今,5008.0,1,2022-04-08 21:05:09
114,rb2210,SHFE,0_0_       14146,      158985,多,平今,5007.0,1,2022-04-08 21:05:12
115,rb2210,SHFE,0_0_       14571,      159007,空,开,5008.0,1,2022-04-08 21:05:12
116,rb2210,SHFE,0_0_       16627,      165083,空,开,5010.0,2,2022-04-08 21:05:27
117,rb2210,SHFE,0_0_       18143,      169547,多,平今,5008.0,4,2022-04-08 21:05:43
118,rb2210,SHFE,0_0_       14572,      170085,多,平今,5007.0,1,2022-04-08 21:05:45
119,rb2210,SHFE,0_0_       18598,      172815,空,开,5009.0,6,2022-04-08 21:05:57
120,rb2210,SHFE,0_0_       19906,      173660,多,平今,5008.0,6,2022-04-08 21:06:00
121,rb2210,SHFE,0_0_       21293,      175496,多,开,5009.0,2,2022-04-08 21:06:06
122,rb2210,SHFE,0_0_       19481,      179409,多,开,5007.0,3,2022-04-08 21:06:22
123,rb2210,SHFE,0_0_       23156,      179997,空,平今,5008.0,3,2022-04-08 21:06:23
124,rb2210,SHFE,0_0_       23800,      182037,多,开,5009.0,1,2022-04-08 21:06:31
125,rb2210,SHFE,0_0_       23800,      182038,多,开,5009.0,1,2022-04-08 21:06:31
126,rb2210,SHFE,0_0_       24353,      182534,空,平今,5010.0,2,2022-04-08 21:06:34
127,rb2210,SHFE,0_0_       24386,      182772,空,开,5010.0,1,2022-04-08 21:06:35
128,rb2210,SHFE,0_0_       24386,      182786,空,开,5010.0,3,2022-04-08 21:06:35
129,rb2210,SHFE,0_0_       27240,      189078,空,平今,5009.0,1,2022-04-08 21:06:59
130,rb2210,SHFE,0_0_       30240,      196372,空,平今,5008.0,1,2022-04-08 21:07:24
131,rb2210,SHFE,0_0_       23590,      196554,多,开,5007.0,4,2022-04-08 21:07:25
132,rb2210,SHFE,0_0_       30535,      196991,空,平今,5008.0,4,2022-04-08 21:07:27
133,rb2210,SHFE,0_0_       30585,      196996,空,开,5008.0,1,2022-04-08 21:07:27
134,rb2210,SHFE,0_0_       30906,      198715,空,开,5008.0,1,2022-04-08 21:07:33
135,rb2210,SHFE,0_0_       30906,      198716,空,开,5008.0,1,2022-04-08 21:07:33
136,rb2210,SHFE,0_0_       32281,      200563,多,平今,5007.0,4,2022-04-08 21:07:41
137,rb2210,SHFE,0_0_       32281,      200786,多,平今,5007.0,1,2022-04-08 21:07:42
138,rb2210,SHFE,0_0_       32281,      200787,多,平今,5007.0,1,2022-04-08 21:07:42
139,rb2210,SHFE,0_0_       32281,      200792,多,平今,5007.0,1,2022-04-08 21:07:42
140,rb2210,SHFE,0_0_       33008,      202017,多,开,5008.0,1,2022-04-08 21:07:47
141,rb2210,SHFE,0_0_       42564,      218131,多,开,5013.0,1,2022-04-08 21:08:56
142,rb2210,SHFE,0_0_       44008,      219524,多,开,5014.0,1,2022-04-08 21:09:02
143,rb2210,SHFE,0_0_       45015,      221129,多,开,5014.0,1,2022-04-08 21:09:06
144,rb2210,SHFE,0_0_       46028,      222822,多,开,5017.0,4,2022-04-08 21:09:11
145,rb2210,SHFE,0_0_       47329,      225496,空,平今,5021.0,1,2022-04-08 21:09:18
146,rb2210,SHFE,0_0_       47329,      225499,空,平今,5021.0,1,2022-04-08 21:09:18
147,rb2210,SHFE,0_0_       47329,      225500,空,平今,5021.0,1,2022-04-08 21:09:18
148,rb2210,SHFE,0_0_       47811,      225505,多,开,5020.0,3,2022-04-08 21:09:18
149,rb2210,SHFE,0_0_       47812,      225587,空,平今,5021.0,3,2022-04-08 21:09:18
150,rb2210,SHFE,0_0_       47836,      225819,多,开,5020.0,3,2022-04-08 21:09:18
151,rb2210,SHFE,0_0_       47895,      225874,空,平今,5021.0,2,2022-04-08 21:09:19
152,rb2210,SHFE,0_0_       47895,      225876,空,平今,5021.0,1,2022-04-08 21:09:19
153,rb2210,SHFE,0_0_       48042,      226225,空,平今,5022.0,1,2022-04-08 21:09:19
154,rb2210,SHFE,0_0_       48042,      226226,空,平今,5022.0,1,2022-04-08 21:09:19
155,rb2210,SHFE,0_0_       48042,      226231,空,平今,5022.0,1,2022-04-08 21:09:19
156,rb2210,SHFE,0_0_       48855,      229068,空,开,5028.000000000001,4,2022-04-08 21:09:23
157,rb2210,SHFE,0_0_       48860,      229150,多,平今,5027.0,4,2022-04-08 21:09:23
158,rb2210,SHFE,0_0_       49156,      229649,空,开,5027.0,4,2022-04-08 21:09:24
159,rb2210,SHFE,0_0_       49191,      229674,多,平今,5026.0,2,2022-04-08 21:09:24
160,rb2210,SHFE,0_0_       49191,      229680,多,平今,5026.0,2,2022-04-08 21:09:24
161,rb2210,SHFE,0_0_       49206,      229684,空,开,5027.0,4,2022-04-08 21:09:24
162,rb2210,SHFE,0_0_       49207,      229902,多,平今,5026.0,1,2022-04-08 21:09:25
163,rb2210,SHFE,0_0_       49207,      229904,多,平今,5026.0,1,2022-04-08 21:09:25
164,rb2210,SHFE,0_0_       49207,      229950,多,平今,5026.0,1,2022-04-08 21:09:25
165,rb2210,SHFE,0_0_       49207,      229952,多,平今,5026.0,1,2022-04-08 21:09:25
166,rb2210,SHFE,0_0_       49481,      231096,空,开,5027.0,4,2022-04-08 21:09:29
167,rb2210,SHFE,0_0_       50108,      231707,多,开,5025.0,2,2022-04-08 21:09:32
168,rb2210,SHFE,0_0_       51687,      232796,空,平今,5024.0,1,2022-04-08 21:09:36
169,rb2210,SHFE,0_0_       48126,      234075,多,开,5022.0,3,2022-04-08 21:09:39
170,rb2210,SHFE,0_0_       52438,      234151,空,平今,5023.0,3,2022-04-08 21:09:39
171,rb2210,SHFE,0_0_       52495,      234408,多,平今,5022.0,3,2022-04-08 21:09:40
172,rb2210,SHFE,0_0_       52683,      234580,空,开,5023.0,3,2022-04-08 21:09:41
173,rb2210,SHFE,0_0_       52625,      234864,空,开,5023.0,1,2022-04-08 21:09:42
174,rb2210,SHFE,0_0_       52625,      234940,空,开,5023.0,2,2022-04-08 21:09:42
175,rb2210,SHFE,0_0_       52962,      234974,多,平今,5022.0,3,2022-04-08 21:09:42
176,rb2210,SHFE,0_0_       50896,      239505,空,平今,5026.0,2,2022-04-08 21:10:00
177,rb2210,SHFE,0_0_       56235,      239765,多,开,5025.0,2,2022-04-08 21:10:01
178,rb2210,SHFE,0_0_       56206,      240030,多,平今,5024.0,3,2022-04-08 21:10:02
179,rb2210,SHFE,0_0_       56501,      240077,空,平今,5025.0,2,2022-04-08 21:10:02
180,rb2210,SHFE,0_0_       56501,      240093,空,平今,5025.0,1,2022-04-08 21:10:02
181,rb2210,SHFE,0_0_       56929,      240797,多,开,5025.0,1,2022-04-08 21:10:03
182,rb2210,SHFE,0_0_       56929,      240801,多,开,5025.0,1,2022-04-08 21:10:03
183,rb2210,SHFE,0_0_       56929,      240816,多,开,5025.0,3,2022-04-08 21:10:04
184,rb2210,SHFE,0_0_       56506,      241134,多,开,5024.0,3,2022-04-08 21:10:05
185,rb2210,SHFE,0_0_       57197,      241581,空,平今,5025.0,3,2022-04-08 21:10:06
186,rb2210,SHFE,0_0_       56971,      241965,空,平今,5026.0,3,2022-04-08 21:10:07
187,rb2210,SHFE,0_0_       59216,      244268,空,开,5027.0,4,2022-04-08 21:10:14
188,rb2210,SHFE,0_0_       63590,      250208,多,平今,5027.000000000001,1,2022-04-08 21:10:37
189,rb2210,SHFE,0_0_       65260,      254143,多,开,5029.0,4,2022-04-08 21:10:49
190,rb2210,SHFE,0_0_       65260,      254168,多,开,5029.0,1,2022-04-08 21:10:49
191,rb2210,SHFE,0_0_       65260,      254300,多,开,5029.0,1,2022-04-08 21:10:50
192,rb2210,SHFE,0_0_       63973,      258276,多,平今,5027.0,4,2022-04-08 21:11:06
193,rb2210,SHFE,0_0_       70842,      260453,空,平今,5028.0,1,2022-04-08 21:11:13
194,rb2210,SHFE,0_0_       70842,      260469,空,平今,5028.0,1,2022-04-08 21:11:13
195,rb2210,SHFE,0_0_       70879,      260611,多,开,5027.0,1,2022-04-08 21:11:13
196,rb2210,SHFE,0_0_       76894,      267342,空,平今,5030.0,1,2022-04-08 21:11:45
197,rb2210,SHFE,0_0_       76894,      267348,空,平今,5030.0,1,2022-04-08 21:11:45
198,rb2210,SHFE,0_0_       76894,      267385,空,平今,5030.0,1,2022-04-08 21:11:46
199,rb2210,SHFE,0_0_       76894,      267392,空,平今,5030.0,1,2022-04-08 21:11:46
200,rb2210,SHFE,0_0_       81466,      273146,空,开,5034.0,4,2022-04-08 21:12:07
201,rb2210,SHFE,0_0_       81665,      273545,多,开,5035.0,3,2022-04-08 21:12:09
202,rb2210,SHFE,0_0_       82053,      274206,多,平今,5035.000000000001,4,2022-04-08 21:12:11
203,rb2210,SHFE,0_0_       83202,      275442,空,平今,5035.0,6,2022-04-08 21:12:16
204,rb2210,SHFE,0_0_       86706,      285079,多,开,5032.0,2,2022-04-08 21:13:01
205,rb2210,SHFE,0_0_       91865,      286183,空,平今,5033.0,2,2022-04-08 21:13:04
206,rb2210,SHFE,0_0_       92861,      286555,多,开,5032.0,1,2022-04-08 21:13:04
207,rb2210,SHFE,0_0_       92861,      286556,多,开,5032.0,1,2022-04-08 21:13:04
208,rb2210,SHFE,0_0_       92978,      286588,空,平今,5033.0,2,2022-04-08 21:13:05
209,rb2210,SHFE,0_0_       93181,      286905,多,开,5033.0,2,2022-04-08 21:13:05
210,rb2210,SHFE,0_0_       94412,      289544,空,开,5033.0,1,2022-04-08 21:13:18
211,rb2210,SHFE,0_0_       94412,      289692,空,开,5033.0,3,2022-04-08 21:13:19
212,rb2210,SHFE,0_0_       96363,      290677,多,平今,5031.0,1,2022-04-08 21:13:23
213,rb2210,SHFE,0_0_       96553,      290785,多,开,5031.0,3,2022-04-08 21:13:23
214,rb2210,SHFE,0_0_       96553,      290789,多,开,5031.0,1,2022-04-08 21:13:23
215,rb2210,SHFE,0_0_       96612,      291178,空,平今,5032.0,4,2022-04-08 21:13:26
216,rb2210,SHFE,0_0_       97134,      291626,多,开,5032.000000000001,1,2022-04-08 21:13:28
217,rb2210,SHFE,0_0_       97134,      291640,多,开,5032.000000000001,3,2022-04-08 21:13:28
218,rb2210,SHFE,0_0_       93215,      292571,空,平今,5034.000000000001,2,2022-04-08 21:13:34
219,rb2210,SHFE,0_0_       97925,      294036,多,平今,5033.0,3,2022-04-08 21:13:44
220,rb2210,SHFE,0_0_      100472,      296718,空,平今,5034.0,4,2022-04-08 21:14:00
221,rb2210,SHFE,0_0_      101873,      296760,多,开,5033.0,1,2022-04-08 21:14:00
222,rb2210,SHFE,0_0_      101873,      296765,多,开,5033.0,1,2022-04-08 21:14:00
223,rb2210,SHFE,0_0_      101873,      296997,多,开,5033.0,4,2022-04-08 21:14:00
224,rb2210,SHFE,0_0_      104055,      300491,空,平今,5034.0,4,2022-04-08 21:14:20
225,rb2210,SHFE,0_0_      107994,      303708,多,开,5034.0,4,2022-04-08 21:14:38
226,rb2210,SHFE,0_0_      108814,      304715,空,平今,5035.0,1,2022-04-08 21:14:42
227,rb2210,SHFE,0_0_      108814,      304716,空,平今,5035.0,1,2022-04-08 21:14:42
228,rb2210,SHFE,0_0_      108814,      304718,空,平今,5035.0,1,2022-04-08 21:14:42
229,rb2210,SHFE,0_0_      109043,      305224,空,平今,5036.0,1,2022-04-08 21:14:45
230,rb2210,SHFE,0_0_      109439,      305353,空,平今,5036.0,1,2022-04-08 21:14:45
231,rb2210,SHFE,0_0_      109881,      305839,空,开,5036.0,2,2022-04-08 21:14:48
232,rb2210,SHFE,0_0_      109930,      306042,多,平今,5036.0,1,2022-04-08 21:14:49
233,rb2210,SHFE,0_0_      109930,      306055,多,平今,5036.0,1,2022-04-08 21:14:49
234,rb2210,SHFE,0_0_      110198,      306346,多,开,5037.0,4,2022-04-08 21:14:50
235,rb2210,SHFE,0_0_      111581,      308992,空,平今,5035.0,1,2022-04-08 21:15:00
236,rb2210,SHFE,0_0_      111581,      308994,空,平今,5035.0,2,2022-04-08 21:15:00
237,rb2210,SHFE,0_0_      111581,      309004,空,平今,5035.0,1,2022-04-08 21:15:00
238,rb2210,SHFE,0_0_      111793,      309125,多,开,5034.0,4,2022-04-08 21:15:00
239,rb2210,SHFE,0_0_      115280,      315722,空,开,5031.0,2,2022-04-08 21:15:14
240,rb2210,SHFE,0_0_      115353,      315894,空,开,5030.0,1,2022-04-08 21:15:14
241,rb2210,SHFE,0_0_      115353,      316023,空,开,5030.0,1,2022-04-08 21:15:15
242,rb2210,SHFE,0_0_      115353,      316059,空,开,5030.0,2,2022-04-08 21:15:15
243,rb2210,SHFE,0_0_       78684,      316330,多,开,5028.0,1,2022-04-08 21:15:16
244,rb2210,SHFE,0_0_      115894,      316837,空,平今,5028.0,4,2022-04-08 21:15:17
245,rb2210,SHFE,0_0_      116658,      318101,多,平今,5028.0,4,2022-04-08 21:15:21
246,rb2210,SHFE,0_0_      120354,      323525,空,开,5029.0,2,2022-04-08 21:15:40
247,rb2210,SHFE,0_0_      120354,      323570,空,开,5029.0,1,2022-04-08 21:15:41
248,rb2210,SHFE,0_0_      120354,      323571,空,开,5029.0,1,2022-04-08 21:15:41
249,rb2210,SHFE,0_0_      129152,      333438,多,平今,5027.0,3,2022-04-08 21:16:22
250,rb2210,SHFE,0_0_      134941,      338688,空,开,5025.0,2,2022-04-08 21:16:49
251,rb2210,SHFE,0_0_      139803,      345154,多,平今,5023.0,1,2022-04-08 21:17:17
252,rb2210,SHFE,0_0_      139803,      345227,多,平今,5023.0,2,2022-04-08 21:17:18
253,rb2210,SHFE,0_0_      145895,      352997,空,平今,5023.0,1,2022-04-08 21:17:56
254,rb2210,SHFE,0_0_      156135,      363764,多,开,5023.0,4,2022-04-08 21:18:51
255,rb2210,SHFE,0_0_      161931,      371744,多,平今,5020.0,1,2022-04-08 21:19:24
256,rb2210,SHFE,0_0_      166314,      377088,空,平今,5021.0,2,2022-04-08 21:19:52
257,rb2210,SHFE,0_0_      166776,      377300,多,开,5020.0,4,2022-04-08 21:19:54
258,rb2210,SHFE,0_0_      166981,      377624,空,平今,5021.0,1,2022-04-08 21:19:55
259,rb2210,SHFE,0_0_      167234,      377932,空,平今,5021.0,4,2022-04-08 21:19:56
260,rb2210,SHFE,0_0_      167370,      378090,多,开,5020.0,4,2022-04-08 21:19:57
261,rb2210,SHFE,0_0_      167581,      378832,空,平今,5021.0,3,2022-04-08 21:20:00
262,rb2210,SHFE,0_0_      167970,      379917,多,开,5020.0,1,2022-04-08 21:20:02
263,rb2210,SHFE,0_0_      167970,      380543,多,开,5020.0,1,2022-04-08 21:20:04
264,rb2210,SHFE,0_0_      167970,      380565,多,开,5020.0,1,2022-04-08 21:20:04
265,rb2210,SHFE,0_0_      167970,      380616,多,开,5020.0,1,2022-04-08 21:20:04
266,rb2210,SHFE,0_0_      169141,      381064,空,平今,5021.0,2,2022-04-08 21:20:05
267,rb2210,SHFE,0_0_      169147,      381079,多,开,5020.0,2,2022-04-08 21:20:05
268,rb2210,SHFE,0_0_      169156,      381218,空,平今,5021.0,2,2022-04-08 21:20:06
269,rb2210,SHFE,0_0_      171332,      384345,空,平今,5019.0,3,2022-04-08 21:20:18
270,rb2210,SHFE,0_0_      172904,      386279,多,平今,5020.0,1,2022-04-08 21:20:26
271,rb2210,SHFE,0_0_      173546,      387476,多,开,5021.0,1,2022-04-08 21:20:31
272,rb2210,SHFE,0_0_      171476,      389213,多,开,5018.0,4,2022-04-08 21:20:41
273,rb2210,SHFE,0_0_      175578,      390661,空,平今,5019.0,2,2022-04-08 21:20:45
274,rb2210,SHFE,0_0_      175578,      390694,空,平今,5019.0,1,2022-04-08 21:20:45
275,rb2210,SHFE,0_0_      175578,      390695,空,平今,5019.0,1,2022-04-08 21:20:45
276,rb2210,SHFE,0_0_      176106,      399436,多,开,5018.0,4,2022-04-08 21:21:41
277,rb2210,SHFE,0_0_      186441,      401847,空,平今,5016.0,1,2022-04-08 21:21:48
278,rb2210,SHFE,0_0_      186569,      402260,空,平今,5017.000000000001,1,2022-04-08 21:21:50
279,rb2210,SHFE,0_0_      186961,      402502,多,开,5017.0,3,2022-04-08 21:21:51
280,rb2210,SHFE,0_0_      187534,      402948,空,平今,5018.0,1,2022-04-08 21:21:54
281,rb2210,SHFE,0_0_      193060,      409456,多,开,5018.0,1,2022-04-08 21:22:27
282,rb2210,SHFE,0_0_      201402,      420212,空,平今,5022.000000000001,1,2022-04-08 21:23:26
283,rb2210,SHFE,0_0_      202174,      420476,多,开,5021.0,1,2022-04-08 21:23:28
284,rb2210,SHFE,0_0_      206546,      425376,空,平今,5020.000000000001,1,2022-04-08 21:24:01
285,rb2210,SHFE,0_0_      206546,      425377,空,平今,5020.000000000001,1,2022-04-08 21:24:01
286,rb2210,SHFE,0_0_      206546,      425378,空,平今,5020.000000000001,1,2022-04-08 21:24:01
287,rb2210,SHFE,0_0_      214552,      435650,空,开,5012.0,5,2022-04-08 21:24:51
288,rb2210,SHFE,0_0_      221357,      449683,多,平今,5004.0,3,2022-04-08 21:25:40
289,rb2210,SHFE,0_0_      225849,      451791,空,平今,5004.0,1,2022-04-08 21:25:51
290,rb2210,SHFE,0_0_      229545,      458198,空,平今,5006.0,1,2022-04-08 21:26:21
291,rb2210,SHFE,0_0_      230092,      458322,多,开,5005.0,3,2022-04-08 21:26:22
292,rb2210,SHFE,0_0_      230092,      458323,多,开,5005.0,1,2022-04-08 21:26:22
293,rb2210,SHFE,0_0_      230174,      458843,空,平今,5006.0,1,2022-04-08 21:26:24
294,rb2210,SHFE,0_0_      230174,      458844,空,平今,5006.0,1,2022-04-08 21:26:24
295,rb2210,SHFE,0_0_      230174,      458889,空,平今,5006.0,1,2022-04-08 21:26:25
296,rb2210,SHFE,0_0_      230174,      458918,空,平今,5006.0,1,2022-04-08 21:26:25
297,rb2210,SHFE,0_0_      230677,      459414,空,平今,5006.0,2,2022-04-08 21:26:29
298,rb2210,SHFE,0_0_      231424,      464311,多,开,5005.000000000001,2,2022-04-08 21:27:01
299,rb2210,SHFE,0_0_      231424,      464312,多,开,5005.000000000001,1,2022-04-08 21:27:01
300,rb2210,SHFE,0_0_      231424,      464313,多,开,5005.000000000001,1,2022-04-08 21:27:01
301,rb2210,SHFE,0_0_      231424,      464314,多,开,5005.000000000001,2,2022-04-08 21:27:01
302,rb2210,SHFE,0_0_      236247,      464972,空,平今,5006.0,1,2022-04-08 21:27:05
303,rb2210,SHFE,0_0_      239908,      470116,空,开,5002.0,1,2022-04-08 21:27:27
304,rb2210,SHFE,0_0_      239908,      470123,空,开,5002.0,1,2022-04-08 21:27:27
305,rb2210,SHFE,0_0_      239908,      470130,空,开,5002.0,2,2022-04-08 21:27:27
306,rb2210,SHFE,0_0_      240182,      470360,多,平今,5001.0,4,2022-04-08 21:27:28
307,rb2210,SHFE,0_0_      240271,      471747,空,开,5002.0,4,2022-04-08 21:27:36
308,rb2210,SHFE,0_0_      241174,      472122,多,平今,5001.0,4,2022-04-08 21:27:38
309,rb2210,SHFE,0_0_      241438,      472203,空,开,5002.0,1,2022-04-08 21:27:39
310,rb2210,SHFE,0_0_      241438,      472209,空,开,5002.0,1,2022-04-08 21:27:39
311,rb2210,SHFE,0_0_      241438,      472215,空,开,5002.0,2,2022-04-08 21:27:39
312,rb2210,SHFE,0_0_      238347,      472713,空,平今,5004.0,1,2022-04-08 21:27:41
313,rb2210,SHFE,0_0_      238347,      472722,空,平今,5004.0,1,2022-04-08 21:27:41
314,rb2210,SHFE,0_0_      238347,      472800,空,平今,5004.0,1,2022-04-08 21:27:42
315,rb2210,SHFE,0_0_      238347,      472839,空,平今,5004.0,1,2022-04-08 21:27:42
316,rb2210,SHFE,0_0_      242213,      473511,多,开,5004.0,3,2022-04-08 21:27:46
317,rb2210,SHFE,0_0_      242731,      475436,多,平今,5004.0,1,2022-04-08 21:28:00
318,rb2210,SHFE,0_0_      244179,      475655,空,平今,5005.0,1,2022-04-08 21:28:01
319,rb2210,SHFE,0_0_      245809,      486557,多,开,5006.0,2,2022-04-08 21:29:14
320,rb2210,SHFE,0_0_      254561,      486632,空,平今,5007.0,1,2022-04-08 21:29:15
321,rb2210,SHFE,0_0_      254811,      487276,空,平今,5007.0,1,2022-04-08 21:29:21
322,rb2210,SHFE,0_0_      259906,      492708,空,平今,5005.0,1,2022-04-08 21:29:51
323,rb2210,SHFE,0_0_      266514,      501651,多,平今,5012.0,1,2022-04-08 21:30:26
324,rb2210,SHFE,0_0_      270412,      505572,多,平今,5011.0,4,2022-04-08 21:30:47
325,rb2210,SHFE,0_0_      270547,      506195,空,平今,5012.0,1,2022-04-08 21:30:52
326,rb2210,SHFE,0_0_      260023,      516525,多,开,5004.0,2,2022-04-08 21:31:56
327,rb2210,SHFE,0_0_      260023,      516536,多,开,5004.0,2,2022-04-08 21:31:56
328,rb2210,SHFE,0_0_      280597,      516653,空,平今,5005.0,4,2022-04-08 21:31:57
329,rb2210,SHFE,0_0_      282097,      519072,空,开,5003.0,5,2022-04-08 21:32:09
330,rb2210,SHFE,0_0_      283689,      520409,多,平今,5003.0,3,2022-04-08 21:32:17
331,rb2210,SHFE,0_0_      284005,      520872,多,开,5003.0,4,2022-04-08 21:32:19
332,rb2210,SHFE,0_0_      284372,      520905,空,平今,5004.0,4,2022-04-08 21:32:20
333,rb2210,SHFE,0_0_      284385,      521208,多,开,5003.0,4,2022-04-08 21:32:23
334,rb2210,SHFE,0_0_      284760,      521244,空,平今,5004.0,2,2022-04-08 21:32:23
335,rb2210,SHFE,0_0_      284760,      521258,空,平今,5004.0,1,2022-04-08 21:32:23
336,rb2210,SHFE,0_0_      284760,      521260,空,平今,5004.0,1,2022-04-08 21:32:23
337,rb2210,SHFE,0_0_      284815,      521269,多,开,5003.0,1,2022-04-08 21:32:23
338,rb2210,SHFE,0_0_      284815,      521301,多,开,5003.0,3,2022-04-08 21:32:23
339,rb2210,SHFE,0_0_      284891,      525925,多,开,5003.0,2,2022-04-08 21:33:02
340,rb2210,SHFE,0_0_      283339,      527695,多,平今,5001.0,1,2022-04-08 21:33:09
341,rb2210,SHFE,0_0_      297699,      538340,空,开,4998.0,1,2022-04-08 21:33:55
342,rb2210,SHFE,0_0_      300212,      540864,空,开,4998.0,6,2022-04-08 21:34:07
343,rb2210,SHFE,0_0_      290606,      550914,空,平今,5002.0,2,2022-04-08 21:35:01
344,rb2210,SHFE,0_0_      288175,      555134,空,平今,5006.0,4,2022-04-08 21:35:20
345,rb2210,SHFE,0_0_      311158,      555592,多,开,5006.0,6,2022-04-08 21:35:22
346,rb2210,SHFE,0_0_      311018,      555710,多,平今,5005.0,1,2022-04-08 21:35:22
347,rb2210,SHFE,0_0_      311641,      555894,空,平今,5006.000000000001,1,2022-04-08 21:35:24
348,rb2210,SHFE,0_0_      308317,      562084,多,平今,5002.0,1,2022-04-08 21:35:58
349,rb2210,SHFE,0_0_      308317,      562154,多,平今,5002.0,2,2022-04-08 21:35:59
350,rb2210,SHFE,0_0_      311641,      564606,空,平今,5006.0,1,2022-04-08 21:36:16
351,rb2210,SHFE,0_0_      311641,      564752,空,平今,5006.0,2,2022-04-08 21:36:17
352,rb2210,SHFE,0_0_      321856,      566554,空,开,5003.0,1,2022-04-08 21:36:32
353,rb2210,SHFE,0_0_      321856,      566555,空,开,5003.0,2,2022-04-08 21:36:32
354,rb2210,SHFE,0_0_      321901,      566767,多,平今,5002.0,3,2022-04-08 21:36:35
355,rb2210,SHFE,0_0_      324318,      570737,空,平今,4994.0,2,2022-04-08 21:36:50
356,rb2210,SHFE,0_0_      324492,      570752,多,平今,4993.0,1,2022-04-08 21:36:50
357,rb2210,SHFE,0_0_      324492,      570753,多,平今,4993.0,1,2022-04-08 21:36:50
358,rb2210,SHFE,0_0_      324534,      570997,空,平今,4994.0,2,2022-04-08 21:36:51
359,rb2210,SHFE,0_0_      329720,      576245,多,开,4999.0,1,2022-04-08 21:37:25
360,rb2210,SHFE,0_0_      350615,      606796,空,平今,4999.0,1,2022-04-08 21:40:43
361,rb2210,SHFE,0_0_      358380,      609415,空,开,4998.0,4,2022-04-08 21:41:02
362,rb2210,SHFE,0_0_      370644,      623926,空,开,5001.0,1,2022-04-08 21:42:13
363,rb2210,SHFE,0_0_      373957,      628012,多,平今,5002.0,3,2022-04-08 21:42:33
364,rb2210,SHFE,0_0_      386282,      641442,空,开,5003.0,1,2022-04-08 21:44:08
365,rb2210,SHFE,0_0_      401258,      657488,多,平今,5004.0,1,2022-04-08 21:46:02
366,rb2210,SHFE,0_0_      359808,      669093,多,开,5000.0,1,2022-04-08 21:47:17
367,rb2210,SHFE,0_0_      359808,      669178,多,开,5000.0,2,2022-04-08 21:47:17
368,rb2210,SHFE,0_0_      359808,      669179,多,开,5000.0,1,2022-04-08 21:47:17
369,rb2210,SHFE,0_0_      412952,      669292,空,平今,5001.0,3,2022-04-08 21:47:18
370,rb2210,SHFE,0_0_      429911,      681897,空,平今,5003.0,1,2022-04-08 21:49:28
371,rb2210,SHFE,0_0_      424334,      692112,多,开,5000.0,1,2022-04-08 21:50:43
372,rb2210,SHFE,0_0_      424334,      692115,多,开,5000.0,1,2022-04-08 21:50:43
373,rb2210,SHFE,0_0_      448879,      707043,多,平今,4997.0,1,2022-04-08 21:53:15
374,rb2210,SHFE,0_0_      452882,      714055,空,开,4992.0,1,2022-04-08 21:54:03
375,rb2210,SHFE,0_0_      452882,      714061,空,开,4992.0,1,2022-04-08 21:54:03
376,rb2210,SHFE,0_0_      452882,      714062,空,开,4992.0,1,2022-04-08 21:54:03
377,rb2210,SHFE,0_0_      452882,      714089,空,开,4992.0,1,2022-04-08 21:54:03
378,rb2210,SHFE,0_0_      452981,      714284,多,平今,4991.0,1,2022-04-08 21:54:04
379,rb2210,SHFE,0_0_      456238,      720338,多,平今,4995.0,4,2022-04-08 21:54:35
380,rb2210,SHFE,0_0_      456966,      721103,多,平今,4994.0,2,2022-04-08 21:54:43
381,rb2210,SHFE,0_0_      476610,      747266,空,平今,5000.0,1,2022-04-08 21:58:11
382,rb2210,SHFE,0_0_      493124,      767487,多,开,5002.0,1,2022-04-08 22:00:28
383,rb2210,SHFE,0_0_      493124,      767500,多,开,5002.0,1,2022-04-08 22:00:28
384,rb2210,SHFE,0_0_      493124,      767577,多,开,5002.0,2,2022-04-08 22:00:28
385,rb2210,SHFE,0_0_      493124,      767596,多,开,5002.0,1,2022-04-08 22:00:29
386,rb2210,SHFE,0_0_      493124,      767651,多,开,5002.0,2,2022-04-08 22:00:29
387,rb2210,SHFE,0_0_      497411,      768802,空,平今,5003.0,1,2022-04-08 22:00:33
388,rb2210,SHFE,0_0_      511167,      784691,空,平今,5005.0,1,2022-04-08 22:01:53
389,rb2210,SHFE,0_0_      511167,      784716,空,平今,5005.0,2,2022-04-08 22:01:53
390,rb2210,SHFE,0_0_      511167,      784738,空,平今,5005.0,1,2022-04-08 22:01:54
391,rb2210,SHFE,0_0_      514081,      787467,多,开,5005.0,1,2022-04-08 22:02:08
392,rb2210,SHFE,0_0_      512214,      788119,多,开,5004.0,1,2022-04-08 22:02:13
393,rb2210,SHFE,0_0_      516519,      789705,空,平今,5005.0,1,2022-04-08 22:02:26
394,rb2210,SHFE,0_0_      517341,      796090,多,开,5004.0,3,2022-04-08 22:03:14
395,rb2210,SHFE,0_0_      523952,      797089,空,开,5003.0,6,2022-04-08 22:03:18
396,rb2210,SHFE,0_0_      527888,      801148,多,平今,5005.0,3,2022-04-08 22:04:03
397,rb2210,SHFE,0_0_      546884,      824902,多,平今,5009.0,1,2022-04-08 22:07:26
398,rb2210,SHFE,0_0_      553955,      825381,空,平今,5010.0,1,2022-04-08 22:07:30
399,rb2210,SHFE,0_0_      560528,      832856,空,平今,5006.0,2,2022-04-08 22:08:34
400,rb2210,SHFE,0_0_      560810,      833343,空,平今,5006.0,1,2022-04-08 22:08:38
401,rb2210,SHFE,0_0_      561669,      834343,空,平今,5006.0,1,2022-04-08 22:08:46
402,rb2210,SHFE,0_0_      572643,      847031,多,开,5013.0,1,2022-04-08 22:10:14
403,rb2210,SHFE,0_0_      572643,      847032,多,开,5013.0,2,2022-04-08 22:10:14
404,rb2210,SHFE,0_0_      569735,      850642,多,平今,5010.0,1,2022-04-08 22:10:36
405,rb2210,SHFE,0_0_      575768,      852028,空,平今,5011.0,1,2022-04-08 22:10:44
406,rb2210,SHFE,0_0_      596847,      875440,空,平今,5012.0,1,2022-04-08 22:13:07
407,rb2210,SHFE,0_0_      597807,      878846,多,开,5013.0,2,2022-04-08 22:13:34
408,rb2210,SHFE,0_0_      597807,      878849,多,开,5013.0,1,2022-04-08 22:13:34
409,rb2210,SHFE,0_0_      597807,      878959,多,开,5013.0,1,2022-04-08 22:13:34
410,rb2210,SHFE,0_0_      600751,      880452,空,平今,5014.0,1,2022-04-08 22:13:44
411,rb2210,SHFE,0_0_      604568,      882640,空,平今,5016.0,4,2022-04-08 22:13:59
412,rb2210,SHFE,0_0_      605188,      883430,多,开,5017.0,4,2022-04-08 22:14:02
413,rb2210,SHFE,0_0_      627700,      908624,空,开,5007.0,1,2022-04-08 22:17:16
414,rb2210,SHFE,0_0_      628328,      908766,空,开,5006.0,3,2022-04-08 22:17:17
415,rb2210,SHFE,0_0_      627700,      908788,空,开,5007.0,1,2022-04-08 22:17:17
416,rb2210,SHFE,0_0_      627700,      908993,空,开,5007.0,2,2022-04-08 22:17:18
417,rb2210,SHFE,0_0_      629960,      910541,多,平今,5005.0,4,2022-04-08 22:17:28
418,rb2210,SHFE,0_0_      630310,      910900,空,开,5006.0,4,2022-04-08 22:17:30
419,rb2210,SHFE,0_0_      630801,      910982,多,平今,5005.0,1,2022-04-08 22:17:31
420,rb2210,SHFE,0_0_      630801,      910983,多,平今,5005.0,1,2022-04-08 22:17:31
421,rb2210,SHFE,0_0_      630801,      910999,多,平今,5005.0,2,2022-04-08 22:17:31
422,rb2210,SHFE,0_0_      635450,      914888,多,平今,5004.0,1,2022-04-08 22:18:06
423,rb2210,SHFE,0_0_      636135,      916128,空,平今,5000.0,2,2022-04-08 22:18:11
424,rb2210,SHFE,0_0_      635736,      921914,空,开,5003.0,1,2022-04-08 22:18:55
425,rb2210,SHFE,0_0_      635736,      921915,空,开,5003.0,2,2022-04-08 22:18:55
426,rb2210,SHFE,0_0_      635736,      922009,空,开,5003.0,1,2022-04-08 22:18:56
427,rb2210,SHFE,0_0_      635736,      922140,空,开,5003.0,1,2022-04-08 22:18:56
428,rb2210,SHFE,0_0_      642051,      922295,多,平今,5002.0,4,2022-04-08 22:18:59
429,rb2210,SHFE,0_0_      657637,      934901,多,平今,5000.0,2,2022-04-08 22:21:00
430,rb2210,SHFE,0_0_      635556,      940484,空,平今,5005.0,1,2022-04-08 22:22:09
431,rb2210,SHFE,0_0_      658032,      947545,多,平今,5000.0,1,2022-04-08 22:23:25
432,rb2210,SHFE,0_0_      673030,      947607,空,开,5001.0,2,2022-04-08 22:23:25
433,rb2210,SHFE,0_0_      673030,      947608,空,开,5001.0,3,2022-04-08 22:23:25
434,rb2210,SHFE,0_0_      673030,      947610,空,开,5001.0,1,2022-04-08 22:23:25
435,rb2210,SHFE,0_0_      673460,      948251,空,平今,4998.0,2,2022-04-08 22:23:28
436,rb2210,SHFE,0_0_      673724,      949696,多,平今,4997.0,2,2022-04-08 22:23:32
437,rb2210,SHFE,0_0_      674346,      949918,多,平今,4998.0,4,2022-04-08 22:23:34
438,rb2210,SHFE,0_0_      673379,      950010,空,平今,4999.0,1,2022-04-08 22:23:35
439,rb2210,SHFE,0_0_      674530,      950127,多,开,4998.0,3,2022-04-08 22:23:36
440,rb2210,SHFE,0_0_      674625,      950562,空,平今,4999.0,3,2022-04-08 22:23:40
441,rb2210,SHFE,0_0_      674879,      950897,多,开,4998.0,3,2022-04-08 22:23:42
442,rb2210,SHFE,0_0_      675059,      953406,空,平今,4999.0,3,2022-04-08 22:23:56
443,rb2210,SHFE,0_0_      676923,      954636,空,开,4999.0,2,2022-04-08 22:24:01
444,rb2210,SHFE,0_0_      676923,      954661,空,开,4999.0,2,2022-04-08 22:24:01
445,rb2210,SHFE,0_0_      693215,      977985,多,平今,5002.000000000001,4,2022-04-08 22:26:40
446,rb2210,SHFE,0_0_      713787,     1002273,多,开,5003.0,2,2022-04-08 22:30:14
447,rb2210,SHFE,0_0_      684109,     1004639,多,平今,5000.0,1,2022-04-08 22:30:24
448,rb2210,SHFE,0_0_      717366,     1005019,空,开,5001.0,1,2022-04-08 22:30:26
449,rb2210,SHFE,0_0_      719216,     1006649,空,开,5003.0,4,2022-04-08 22:30:38
450,rb2210,SHFE,0_0_      719265,     1006838,空,开,5003.0,2,2022-04-08 22:30:39
451,rb2210,SHFE,0_0_      715907,     1015057,空,平今,5004.0,2,2022-04-08 22:31:49
452,rb2210,SHFE,0_0_      729494,     1016176,多,平今,5004.0,1,2022-04-08 22:32:01
453,rb2210,SHFE,0_0_      728604,     1017660,多,平今,5003.0,5,2022-04-08 22:32:09
454,rb2210,SHFE,0_0_      737264,     1023276,空,开,5001.000000000001,1,2022-04-08 22:32:55
455,rb2210,SHFE,0_0_      739319,     1026032,空,开,4998.0,1,2022-04-08 22:33:13
456,rb2210,SHFE,0_0_      748626,     1035385,多,平今,4998.0,1,2022-04-08 22:34:37
457,rb2210,SHFE,0_0_      766940,     1053155,空,开,4992.0,6,2022-04-08 22:36:53
458,rb2210,SHFE,0_0_      767057,     1053263,多,平今,4992.0,1,2022-04-08 22:36:54
459,rb2210,SHFE,0_0_      767057,     1053264,多,平今,4992.0,1,2022-04-08 22:36:54
460,rb2210,SHFE,0_0_      767057,     1053265,多,平今,4992.0,1,2022-04-08 22:36:54
461,rb2210,SHFE,0_0_      767057,     1053266,多,平今,4992.0,1,2022-04-08 22:36:54
462,rb2210,SHFE,0_0_      768000,     1054273,多,平今,4991.0,1,2022-04-08 22:37:02
463,rb2210,SHFE,0_0_      768000,     1054274,多,平今,4991.0,1,2022-04-08 22:37:02
464,rb2210,SHFE,0_0_      768000,     1054275,多,平今,4991.0,1,2022-04-08 22:37:02
465,rb2210,SHFE,0_0_      768043,     1054548,空,开,4992.0,1,2022-04-08 22:37:03
466,rb2210,SHFE,0_0_      771898,     1058625,空,开,4992.0,1,2022-04-08 22:37:37
467,rb2210,SHFE,0_0_      771982,     1071694,多,平今,4991.0,1,2022-04-08 22:40:02
468,rb2210,SHFE,0_0_      786502,     1072988,空,开,4989.0,4,2022-04-08 22:40:08
469,rb2210,SHFE,0_0_      790089,     1078495,多,平今,4989.0,1,2022-04-08 22:40:38
470,rb2210,SHFE,0_0_      790089,     1078497,多,平今,4989.0,1,2022-04-08 22:40:38
471,rb2210,SHFE,0_0_      790089,     1078511,多,平今,4989.0,1,2022-04-08 22:40:38
472,rb2210,SHFE,0_0_      790247,     1078777,空,开,4989.0,1,2022-04-08 22:40:42
473,rb2210,SHFE,0_0_      786151,     1081765,空,开,4992.0,1,2022-04-08 22:41:04
474,rb2210,SHFE,0_0_      792495,     1081775,多,平今,4991.0,1,2022-04-08 22:41:04
475,rb2210,SHFE,0_0_      798476,     1088367,空,开,4985.0,4,2022-04-08 22:42:03
476,rb2210,SHFE,0_0_      799163,     1088806,多,平今,4984.0,1,2022-04-08 22:42:07
477,rb2210,SHFE,0_0_      802620,     1092248,空,开,4986.0,1,2022-04-08 22:42:50
478,rb2210,SHFE,0_0_      804550,     1095670,多,平今,4981.0,1,2022-04-08 22:43:30
479,rb2210,SHFE,0_0_      805121,     1097313,多,平今,4981.0,1,2022-04-08 22:43:39
480,rb2210,SHFE,0_0_      805719,     1098286,多,平今,4979.000000000001,4,2022-04-08 22:43:47
481,rb2210,SHFE,0_0_      805824,     1098670,多,开,4979.0,4,2022-04-08 22:43:49
482,rb2210,SHFE,0_0_      807326,     1101328,多,开,4977.0,2,2022-04-08 22:44:04
483,rb2210,SHFE,0_0_      807326,     1101359,多,开,4977.0,1,2022-04-08 22:44:04
484,rb2210,SHFE,0_0_      809377,     1104454,空,平今,4978.0,4,2022-04-08 22:44:13
485,rb2210,SHFE,0_0_      809567,     1104801,多,开,4977.0,4,2022-04-08 22:44:15
486,rb2210,SHFE,0_0_      809887,     1104958,空,平今,4978.0,2,2022-04-08 22:44:16
487,rb2210,SHFE,0_0_      809887,     1104960,空,平今,4978.0,1,2022-04-08 22:44:16
488,rb2210,SHFE,0_0_      809887,     1104965,空,平今,4978.0,1,2022-04-08 22:44:16
489,rb2210,SHFE,0_0_      809993,     1105004,多,开,4977.0,4,2022-04-08 22:44:16
490,rb2210,SHFE,0_0_      810138,     1105219,空,平今,4978.0,1,2022-04-08 22:44:17
491,rb2210,SHFE,0_0_      810138,     1105221,空,平今,4978.0,1,2022-04-08 22:44:17
492,rb2210,SHFE,0_0_      810138,     1105225,空,平今,4978.0,1,2022-04-08 22:44:17
493,rb2210,SHFE,0_0_      810138,     1105231,空,平今,4978.0,1,2022-04-08 22:44:17
494,rb2210,SHFE,0_0_      813013,     1108333,空,平今,4980.0,1,2022-04-08 22:44:44
495,rb2210,SHFE,0_0_      813013,     1108336,空,平今,4980.0,1,2022-04-08 22:44:44
496,rb2210,SHFE,0_0_      814676,     1110521,多,开,4980.0,7,2022-04-08 22:45:01
497,rb2210,SHFE,0_0_      829666,     1127329,多,平今,4986.0,1,2022-04-08 22:47:06
498,rb2210,SHFE,0_0_      819186,     1137064,多,平今,4982.0,1,2022-04-08 22:48:16
499,rb2210,SHFE,0_0_      839195,     1137689,空,平今,4983.0,1,2022-04-08 22:48:20
500,rb2210,SHFE,0_0_      839625,     1137954,空,开,4982.0,4,2022-04-08 22:48:22
501,rb2210,SHFE,0_0_      839857,     1137960,多,平今,4981.0,1,2022-04-08 22:48:22
502,rb2210,SHFE,0_0_      839857,     1137972,多,平今,4981.0,1,2022-04-08 22:48:22
503,rb2210,SHFE,0_0_      839857,     1137975,多,平今,4981.0,2,2022-04-08 22:48:22
504,rb2210,SHFE,0_0_      841206,     1139625,空,平今,4980.0,2,2022-04-08 22:48:32
505,rb2210,SHFE,0_0_      852076,     1152917,空,开,4974.0,4,2022-04-08 22:50:00
506,rb2210,SHFE,0_0_      850460,     1154322,空,开,4978.0,2,2022-04-08 22:50:08
507,rb2210,SHFE,0_0_      850460,     1154332,空,开,4978.0,1,2022-04-08 22:50:08
508,rb2210,SHFE,0_0_      850460,     1154382,空,开,4978.0,1,2022-04-08 22:50:09
509,rb2210,SHFE,0_0_      856377,     1158046,多,平今,4972.0,1,2022-04-08 22:50:31
510,rb2210,SHFE,0_0_      856377,     1158366,多,平今,4972.0,2,2022-04-08 22:50:33
511,rb2210,SHFE,0_0_      856377,     1158422,多,平今,4972.0,1,2022-04-08 22:50:34
512,rb2210,SHFE,0_0_      854364,     1161147,空,平今,4978.0,1,2022-04-08 22:50:56
513,rb2210,SHFE,0_0_      858887,     1161213,多,平今,4977.0,1,2022-04-08 22:50:57
514,rb2210,SHFE,0_0_      865815,     1167895,多,开,4977.0,4,2022-04-08 22:51:56
515,rb2210,SHFE,0_0_      867390,     1169390,空,平今,4977.0,1,2022-04-08 22:52:08
516,rb2210,SHFE,0_0_      867442,     1169420,空,平今,4977.0,1,2022-04-08 22:52:09
517,rb2210,SHFE,0_0_      867502,     1169487,空,开,4977.0,4,2022-04-08 22:52:11
518,rb2210,SHFE,0_0_      866050,     1169626,空,平今,4978.0,4,2022-04-08 22:52:13
519,rb2210,SHFE,0_0_      869470,     1170869,多,平今,4978.0,2,2022-04-08 22:52:22
520,rb2210,SHFE,0_0_      869470,     1170882,多,平今,4978.0,5,2022-04-08 22:52:22
521,rb2210,SHFE,0_0_      871105,     1172160,多,开,4977.0,5,2022-04-08 22:52:36
522,rb2210,SHFE,0_0_      872186,     1172971,空,平今,4978.0,4,2022-04-08 22:52:44
523,rb2210,SHFE,0_0_      872354,     1172983,多,开,4977.0,2,2022-04-08 22:52:45
524,rb2210,SHFE,0_0_      874002,     1173918,空,平今,4977.0,5,2022-04-08 22:52:55
525,rb2210,SHFE,0_0_      878911,     1182703,多,开,4967.0,1,2022-04-08 22:53:35
526,rb2210,SHFE,0_0_      878911,     1182704,多,开,4967.0,3,2022-04-08 22:53:35
527,rb2210,SHFE,0_0_      880219,     1182711,空,平今,4968.0,1,2022-04-08 22:53:35
528,rb2210,SHFE,0_0_      881341,     1184419,空,平今,4967.0,1,2022-04-08 22:53:42
529,rb2210,SHFE,0_0_      883285,     1187343,空,开,4967.0,1,2022-04-08 22:53:55
530,rb2210,SHFE,0_0_      883285,     1187349,空,开,4967.0,2,2022-04-08 22:53:55
531,rb2210,SHFE,0_0_      883634,     1187964,多,平今,4966.0,3,2022-04-08 22:54:00
532,rb2210,SHFE,0_0_      885249,     1190395,多,开,4964.0,1,2022-04-08 22:54:06
533,rb2210,SHFE,0_0_      886229,     1191558,空,平今,4964.0,1,2022-04-08 22:54:13
534,rb2210,SHFE,0_0_      886420,     1191687,空,平今,4964.0,1,2022-04-08 22:54:15
535,rb2210,SHFE,0_0_      887038,     1192839,多,开,4964.0,4,2022-04-08 22:54:22
536,rb2210,SHFE,0_0_      888748,     1194077,多,开,4964.0,2,2022-04-08 22:54:32
537,rb2210,SHFE,0_0_      890525,     1197107,空,平今,4960.0,5,2022-04-08 22:54:46
538,rb2210,SHFE,0_0_      890095,     1199656,空,开,4963.0,7,2022-04-08 22:55:00
539,rb2210,SHFE,0_0_      890095,     1199683,空,开,4963.0,1,2022-04-08 22:55:00
540,rb2210,SHFE,0_0_      895587,     1205078,多,开,4966.0,6,2022-04-08 22:55:18
541,rb2210,SHFE,0_0_      896045,     1205939,空,平今,4967.0,1,2022-04-08 22:55:23
542,rb2210,SHFE,0_0_      896296,     1206227,空,平今,4967.0,1,2022-04-08 22:55:25
543,rb2210,SHFE,0_0_      896296,     1206389,空,平今,4967.0,2,2022-04-08 22:55:26
544,rb2210,SHFE,0_0_      896699,     1206500,多,平今,4966.0,2,2022-04-08 22:55:26
545,rb2210,SHFE,0_0_      896751,     1206517,空,平今,4967.0,2,2022-04-08 22:55:26
546,rb2210,SHFE,0_0_      896752,     1206709,多,平今,4966.0,1,2022-04-08 22:55:28
547,rb2210,SHFE,0_0_      896752,     1206714,多,平今,4966.0,1,2022-04-08 22:55:28
548,rb2210,SHFE,0_0_      896966,     1206761,空,平今,4967.0,2,2022-04-08 22:55:28
549,rb2210,SHFE,0_0_      896984,     1207238,多,开,4966.0,2,2022-04-08 22:55:31
550,rb2210,SHFE,0_0_      897159,     1207552,空,平今,4967.0,1,2022-04-08 22:55:32
551,rb2210,SHFE,0_0_      897159,     1207565,空,平今,4967.0,1,2022-04-08 22:55:32
552,rb2210,SHFE,0_0_      897313,     1207760,多,开,4966.0,1,2022-04-08 22:55:33
553,rb2210,SHFE,0_0_      899361,     1210218,多,开,4962.0,6,2022-04-08 22:55:47
554,rb2210,SHFE,0_0_      900386,     1211505,空,平今,4961.0,2,2022-04-08 22:55:57
555,rb2210,SHFE,0_0_      907700,     1222859,空,开,4952.0,3,2022-04-08 22:56:49
556,rb2210,SHFE,0_0_      907839,     1224757,空,平今,4952.0,4,2022-04-08 22:56:50
557,rb2210,SHFE,0_0_      907454,     1225852,空,平今,4955.0,1,2022-04-08 22:56:55
558,rb2210,SHFE,0_0_      908567,     1226737,多,平今,4954.0,1,2022-04-08 22:57:00
559,rb2210,SHFE,0_0_      910118,     1228024,多,平今,4954.0,4,2022-04-08 22:57:06
560,rb2210,SHFE,0_0_      910145,     1228030,空,开,4955.0,1,2022-04-08 22:57:06
561,rb2210,SHFE,0_0_      910145,     1228031,空,开,4955.0,3,2022-04-08 22:57:06
562,rb2210,SHFE,0_0_      910148,     1228192,多,平今,4954.0,4,2022-04-08 22:57:07
563,rb2210,SHFE,0_0_      910269,     1228219,空,开,4955.0,1,2022-04-08 22:57:07
564,rb2210,SHFE,0_0_      910269,     1228221,空,开,4955.0,1,2022-04-08 22:57:07
565,rb2210,SHFE,0_0_      910269,     1228223,空,开,4955.0,2,2022-04-08 22:57:07
566,rb2210,SHFE,0_0_      910278,     1228251,多,平今,4954.0,4,2022-04-08 22:57:07
567,rb2210,SHFE,0_0_      910295,     1228269,空,开,4955.0,4,2022-04-08 22:57:07
568,rb2210,SHFE,0_0_      910318,     1228690,多,平今,4954.0,4,2022-04-08 22:57:09
569,rb2210,SHFE,0_0_      910660,     1228872,空,开,4954.0,1,2022-04-08 22:57:10
570,rb2210,SHFE,0_0_      910660,     1228873,空,开,4954.0,1,2022-04-08 22:57:10
571,rb2210,SHFE,0_0_      910561,     1229021,空,开,4955.0,4,2022-04-08 22:57:11
572,rb2210,SHFE,0_0_      910789,     1229106,多,平今,4954.0,4,2022-04-08 22:57:11
573,rb2210,SHFE,0_0_      910819,     1229163,空,开,4955.0,4,2022-04-08 22:57:11
574,rb2210,SHFE,0_0_      910847,     1229978,多,平今,4954.0,2,2022-04-08 22:57:15
575,rb2210,SHFE,0_0_      910847,     1229979,多,平今,4954.0,1,2022-04-08 22:57:15
576,rb2210,SHFE,0_0_      910847,     1229980,多,平今,4954.0,1,2022-04-08 22:57:15
577,rb2210,SHFE,0_0_      918873,     1240378,多,开,4956.0,8,2022-04-08 22:58:11
578,rb2210,SHFE,0_0_      919151,     1240605,空,平今,4955.0,1,2022-04-08 22:58:13
579,rb2210,SHFE,0_0_      921714,     1243186,多,平今,4958.0,2,2022-04-08 22:58:30
580,rb2210,SHFE,0_0_      921753,     1243357,空,平今,4959.000000000001,1,2022-04-08 22:58:31
581,rb2210,SHFE,0_0_      924663,     1247360,空,平今,4961.0,2,2022-04-08 22:58:57
582,rb2210,SHFE,0_0_      924663,     1247361,空,平今,4961.0,2,2022-04-08 22:58:57
583,rb2210,SHFE,0_0_      924988,     1247654,多,开,4962.0,4,2022-04-08 22:58:59
584,rb2210,SHFE,0_0_      925022,     1247746,空,平今,4962.0,5,2022-04-08 22:58:59
585,rb2210,SHFE,0_0_     1213482,     1488570,空,平今,4925.0,1,2022-04-11 09:00:12
586,rb2210,SHFE,0_0_     1213979,     1497345,空,开,4925.0,5,2022-04-11 09:00:21
587,rb2210,SHFE,0_0_     1214079,     1500731,多,开,4924.0,8,2022-04-11 09:00:24
588,rb2210,SHFE,0_0_     1214612,     1507347,空,平今,4920.0,3,2022-04-11 09:00:33
589,rb2210,SHFE,0_0_     1214784,     1509854,多,平今,4916.0,2,2022-04-11 09:00:36
590,rb2210,SHFE,0_0_     1214819,     1509898,空,平今,4917.000000000001,2,2022-04-11 09:00:36
591,rb2210,SHFE,0_0_     1214820,     1509974,多,平今,4916.0,2,2022-04-11 09:00:36
592,rb2210,SHFE,0_0_     1214838,     1510193,空,开,4917.0,2,2022-04-11 09:00:36
593,rb2210,SHFE,0_0_     1214860,     1510339,多,平今,4916.0,2,2022-04-11 09:00:37
594,rb2210,SHFE,0_0_     1214874,     1510510,空,开,4917.0,2,2022-04-11 09:00:37
595,rb2210,SHFE,0_0_     1214913,     1510550,多,平今,4916.0,1,2022-04-11 09:00:37
596,rb2210,SHFE,0_0_     1214913,     1510554,多,平今,4916.0,1,2022-04-11 09:00:37
597,rb2210,SHFE,0_0_     1214914,     1510772,空,开,4917.0,2,2022-04-11 09:00:37
598,rb2210,SHFE,0_0_     1215025,     1512494,多,平今,4916.0,1,2022-04-11 09:00:40
599,rb2210,SHFE,0_0_     1215025,     1512495,多,平今,4916.0,3,2022-04-11 09:00:40
600,rb2210,SHFE,0_0_     1215051,     1512496,空,开,4917.0,4,2022-04-11 09:00:40
601,rb2210,SHFE,0_0_     1215052,     1512657,多,平今,4916.0,4,2022-04-11 09:00:40
602,rb2210,SHFE,0_0_     1215055,     1512829,空,开,4917.0,4,2022-04-11 09:00:40
603,rb2210,SHFE,0_0_     1215072,     1512893,多,平今,4916.0,2,2022-04-11 09:00:40
604,rb2210,SHFE,0_0_     1215135,     1513878,多,开,4919.0,3,2022-04-11 09:00:42
605,rb2210,SHFE,0_0_     1215318,     1516907,空,平今,4919.0,4,2022-04-11 09:00:47
606,rb2210,SHFE,0_0_     1215343,     1516911,多,开,4918.0,1,2022-04-11 09:00:47
607,rb2210,SHFE,0_0_     1215343,     1516961,多,开,4918.0,3,2022-04-11 09:00:47
608,rb2210,SHFE,0_0_     1215344,     1516979,空,平今,4919.0,1,2022-04-11 09:00:47
609,rb2210,SHFE,0_0_     1215344,     1516980,空,平今,4919.0,1,2022-04-11 09:00:47
610,rb2210,SHFE,0_0_     1215344,     1516983,空,平今,4919.0,2,2022-04-11 09:00:47
611,rb2210,SHFE,0_0_     1215345,     1517059,多,开,4918.000000000001,4,2022-04-11 09:00:47
612,rb2210,SHFE,0_0_     1215353,     1517462,空,平今,4919.0,4,2022-04-11 09:00:48
613,rb2210,SHFE,0_0_     1215384,     1517703,多,开,4918.0,2,2022-04-11 09:00:49
614,rb2210,SHFE,0_0_     1215384,     1517704,多,开,4918.0,2,2022-04-11 09:00:49
615,rb2210,SHFE,0_0_     1215397,     1517936,空,平今,4919.0,1,2022-04-11 09:00:49
616,rb2210,SHFE,0_0_     1215397,     1517937,空,平今,4919.0,3,2022-04-11 09:00:49
617,rb2210,SHFE,0_0_     1215398,     1518482,多,开,4918.0,2,2022-04-11 09:00:50
618,rb2210,SHFE,0_0_     1215398,     1518521,多,开,4918.0,1,2022-04-11 09:00:50
619,rb2210,SHFE,0_0_     1215398,     1518570,多,开,4918.0,1,2022-04-11 09:00:50
620,rb2210,SHFE,0_0_     1215072,     1520314,多,平今,4916.0,2,2022-04-11 09:00:53
621,rb2210,SHFE,0_0_     1215561,     1520419,空,平今,4917.0,2,2022-04-11 09:00:53
622,rb2210,SHFE,0_0_     1215758,     1523649,空,开,4917.0,7,2022-04-11 09:00:59
623,rb2210,SHFE,0_0_     1215752,     1524918,空,平今,4918.0,2,2022-04-11 09:01:01
624,rb2210,SHFE,0_0_     1215878,     1526243,多,平今,4917.0,3,2022-04-11 09:01:03
625,rb2210,SHFE,0_0_     1215878,     1526249,多,平今,4917.0,2,2022-04-11 09:01:03
626,rb2210,SHFE,0_0_     1215878,     1526292,多,平今,4917.0,3,2022-04-11 09:01:03
627,rb2210,SHFE,0_0_     1215947,     1526968,空,开,4918.0,4,2022-04-11 09:01:04
628,rb2210,SHFE,0_0_     1215947,     1526972,空,开,4918.0,2,2022-04-11 09:01:04
629,rb2210,SHFE,0_0_     1215947,     1526974,空,开,4918.0,1,2022-04-11 09:01:04
630,rb2210,SHFE,0_0_     1215947,     1526977,空,开,4918.0,1,2022-04-11 09:01:04
631,rb2210,SHFE,0_0_     1216425,     1535702,多,平今,4924.0,7,2022-04-11 09:01:21
632,rb2210,SHFE,0_0_     1216943,     1544609,多,开,4924.0,5,2022-04-11 09:01:38
633,rb2210,SHFE,0_0_     1217205,     1548818,空,平今,4928.0,1,2022-04-11 09:01:49
634,rb2210,SHFE,0_0_     1217205,     1548828,空,平今,4928.0,1,2022-04-11 09:01:49
635,rb2210,SHFE,0_0_     1217205,     1548832,空,平今,4928.0,1,2022-04-11 09:01:49
636,rb2210,SHFE,0_0_     1217205,     1548833,空,平今,4928.0,1,2022-04-11 09:01:49
637,rb2210,SHFE,0_0_     1217205,     1548834,空,平今,4928.0,2,2022-04-11 09:01:49
638,rb2210,SHFE,0_0_     1217205,     1548840,空,平今,4928.0,1,2022-04-11 09:01:49
639,rb2210,SHFE,0_0_     1217410,     1550890,多,开,4930.0,2,2022-04-11 09:01:55
640,rb2210,SHFE,0_0_     1217422,     1551124,空,平今,4931.0,2,2022-04-11 09:01:55
641,rb2210,SHFE,0_0_     1217439,     1551157,多,开,4930.0,1,2022-04-11 09:01:55
642,rb2210,SHFE,0_0_     1217439,     1551158,多,开,4930.0,1,2022-04-11 09:01:55
643,rb2210,SHFE,0_0_     1217440,     1551165,空,平今,4931.0,2,2022-04-11 09:01:55
644,rb2210,SHFE,0_0_     1217441,     1551318,多,开,4930.0,1,2022-04-11 09:01:56
645,rb2210,SHFE,0_0_     1217441,     1551324,多,开,4930.0,1,2022-04-11 09:01:56
646,rb2210,SHFE,0_0_     1217589,     1553257,多,平今,4927.0,1,2022-04-11 09:02:00
647,rb2210,SHFE,0_0_     1217741,     1555545,多,开,4927.0,1,2022-04-11 09:02:05
648,rb2210,SHFE,0_0_     1217845,     1557265,空,开,4928.0,4,2022-04-11 09:02:10
649,rb2210,SHFE,0_0_     1217883,     1557872,多,平今,4927.0,4,2022-04-11 09:02:12
650,rb2210,SHFE,0_0_     1217915,     1557992,空,开,4928.0,5,2022-04-11 09:02:12
651,rb2210,SHFE,0_0_     1217915,     1557993,空,开,4928.0,1,2022-04-11 09:02:12
652,rb2210,SHFE,0_0_     1217915,     1557999,空,开,4928.0,2,2022-04-11 09:02:12
653,rb2210,SHFE,0_0_     1218210,     1564028,多,平今,4924.000000000001,1,2022-04-11 09:02:28
654,rb2210,SHFE,0_0_     1219466,     1576250,多,平今,4928.0,2,2022-04-11 09:03:00
655,rb2210,SHFE,0_0_     1219466,     1576251,多,平今,4928.0,2,2022-04-11 09:03:00
656,rb2210,SHFE,0_0_     1219599,     1576301,空,开,4929.000000000001,4,2022-04-11 09:03:00
657,rb2210,SHFE,0_0_     1219602,     1576422,多,平今,4928.000000000001,4,2022-04-11 09:03:01
658,rb2210,SHFE,0_0_     1219642,     1576427,空,开,4929.0,4,2022-04-11 09:03:01
659,rb2210,SHFE,0_0_     1219647,     1576526,多,平今,4928.0,4,2022-04-11 09:03:01
660,rb2210,SHFE,0_0_     1219698,     1578384,空,开,4928.0,3,2022-04-11 09:03:04
661,rb2210,SHFE,0_0_     1219698,     1578558,空,开,4928.0,1,2022-04-11 09:03:05
662,rb2210,SHFE,0_0_     1220059,     1580012,空,平今,4928.000000000001,1,2022-04-11 09:03:08
663,rb2210,SHFE,0_0_     1218964,     1582662,多,平今,4925.0,1,2022-04-11 09:03:13
664,rb2210,SHFE,0_0_     1220619,     1583736,多,平今,4924.0,2,2022-04-11 09:03:15
665,rb2210,SHFE,0_0_     1220663,     1584142,空,开,4925.0,2,2022-04-11 09:03:17
666,rb2210,SHFE,0_0_     1220768,     1584342,多,平今,4924.0,4,2022-04-11 09:03:17
667,rb2210,SHFE,0_0_     1222110,     1592713,多,平今,4921.0,1,2022-04-11 09:03:37
668,rb2210,SHFE,0_0_     1222491,     1594266,空,平今,4921.0,1,2022-04-11 09:03:41
669,rb2210,SHFE,0_0_     1222675,     1595551,多,平今,4919.0,1,2022-04-11 09:03:44
670,rb2210,SHFE,0_0_     1220769,     1599252,空,开,4925.0,4,2022-04-11 09:03:54
671,rb2210,SHFE,0_0_     1223339,     1599282,多,平今,4924.0,4,2022-04-11 09:03:54
672,rb2210,SHFE,0_0_     1223608,     1601167,空,开,4921.0,2,2022-04-11 09:03:59
673,rb2210,SHFE,0_0_     1223614,     1601431,多,平今,4920.0,2,2022-04-11 09:04:00
674,rb2210,SHFE,0_0_     1223884,     1603909,空,开,4916.0,5,2022-04-11 09:04:03
675,rb2210,SHFE,0_0_     1224264,     1607954,多,平今,4911.0,2,2022-04-11 09:04:09
676,rb2210,SHFE,0_0_     1224302,     1611392,多,开,4911.0,6,2022-04-11 09:04:13
677,rb2210,SHFE,0_0_     1224302,     1611461,多,开,4911.0,1,2022-04-11 09:04:13
678,rb2210,SHFE,0_0_     1224842,     1612470,空,平今,4913.0,1,2022-04-11 09:04:15
679,rb2210,SHFE,0_0_     1224842,     1612478,空,平今,4913.0,1,2022-04-11 09:04:15
680,rb2210,SHFE,0_0_     1224842,     1612481,空,平今,4913.0,1,2022-04-11 09:04:15
681,rb2210,SHFE,0_0_     1224922,     1612721,空,平今,4913.0,1,2022-04-11 09:04:16
682,rb2210,SHFE,0_0_     1224922,     1612722,空,平今,4913.0,1,2022-04-11 09:04:16
683,rb2210,SHFE,0_0_     1224977,     1613210,多,开,4913.0,3,2022-04-11 09:04:17
684,rb2210,SHFE,0_0_     1226528,     1619681,多,平今,4917.0,1,2022-04-11 09:04:35
685,rb2210,SHFE,0_0_     1224977,     1622228,多,开,4913.0,1,2022-04-11 09:04:43
686,rb2210,SHFE,0_0_     1227216,     1622244,空,平今,4914.0,1,2022-04-11 09:04:43
687,rb2210,SHFE,0_0_     1227220,     1622924,多,平今,4913.0,1,2022-04-11 09:04:45
688,rb2210,SHFE,0_0_     1227373,     1623095,空,平今,4914.0,1,2022-04-11 09:04:46
689,rb2210,SHFE,0_0_     1227488,     1623566,空,平今,4914.0,4,2022-04-11 09:04:47
690,rb2210,SHFE,0_0_     1227622,     1623863,多,开,4913.0,3,2022-04-11 09:04:48
691,rb2210,SHFE,0_0_     1227761,     1623989,空,开,4914.0,7,2022-04-11 09:04:49
692,rb2210,SHFE,0_0_     1227786,     1624283,多,平今,4913.0,7,2022-04-11 09:04:50
693,rb2210,SHFE,0_0_     1228608,     1625847,空,平今,4912.0,2,2022-04-11 09:04:56
694,rb2210,SHFE,0_0_     1229743,     1627353,空,开,4912.0,6,2022-04-11 09:05:00
695,rb2210,SHFE,0_0_     1232240,     1634238,多,平今,4908.0,7,2022-04-11 09:05:06
696,rb2210,SHFE,0_0_     1234650,     1642352,空,开,4907.0,7,2022-04-11 09:05:19
697,rb2210,SHFE,0_0_     1235068,     1643190,多,平今,4906.0,2,2022-04-11 09:05:21
698,rb2210,SHFE,0_0_     1235325,     1646159,空,开,4908.0,1,2022-04-11 09:05:27
699,rb2210,SHFE,0_0_     1235325,     1646295,空,开,4908.0,2,2022-04-11 09:05:28
700,rb2210,SHFE,0_0_     1236097,     1646647,多,平今,4907.0,2,2022-04-11 09:05:28
701,rb2210,SHFE,0_0_     1236217,     1647026,多,平今,4907.0,1,2022-04-11 09:05:29
702,rb2210,SHFE,0_0_     1236279,     1647601,空,开,4908.0,1,2022-04-11 09:05:30
703,rb2210,SHFE,0_0_     1232824,     1647988,空,平今,4909.0,2,2022-04-11 09:05:31
704,rb2210,SHFE,0_0_     1236411,     1652381,多,开,4908.0,2,2022-04-11 09:05:39
705,rb2210,SHFE,0_0_     1237630,     1652887,空,平今,4909.0,2,2022-04-11 09:05:40
706,rb2210,SHFE,0_0_     1237731,     1652910,多,平今,4908.0,2,2022-04-11 09:05:40
707,rb2210,SHFE,0_0_     1237751,     1654950,空,开,4909.0,2,2022-04-11 09:05:45
708,rb2210,SHFE,0_0_     1238445,     1660314,多,平今,4908.0,4,2022-04-11 09:05:59
709,rb2210,SHFE,0_0_     1238314,     1660788,多,平今,4907.0,1,2022-04-11 09:06:00
710,rb2210,SHFE,0_0_     1241341,     1664987,空,开,4905.0,1,2022-04-11 09:06:04
711,rb2210,SHFE,0_0_     1241341,     1665180,空,开,4905.0,1,2022-04-11 09:06:05
712,rb2210,SHFE,0_0_     1241341,     1665184,空,开,4905.0,1,2022-04-11 09:06:05
713,rb2210,SHFE,0_0_     1241790,     1665768,多,平今,4904.0,2,2022-04-11 09:06:05
714,rb2210,SHFE,0_0_     1241962,     1666298,空,开,4905.0,2,2022-04-11 09:06:06
715,rb2210,SHFE,0_0_     1242034,     1668363,多,平今,4904.0,2,2022-04-11 09:06:09
716,rb2210,SHFE,0_0_     1242567,     1668497,空,开,4905.0,1,2022-04-11 09:06:10
717,rb2210,SHFE,0_0_     1242567,     1668551,空,开,4905.0,1,2022-04-11 09:06:10
718,rb2210,SHFE,0_0_     1240498,     1672095,空,开,4909.0,4,2022-04-11 09:06:18
719,rb2210,SHFE,0_0_     1243870,     1672175,多,平今,4908.0,4,2022-04-11 09:06:18
720,rb2210,SHFE,0_0_     1243883,     1672227,空,开,4909.0,1,2022-04-11 09:06:19
721,rb2210,SHFE,0_0_     1244063,     1672572,多,平今,4909.0,1,2022-04-11 09:06:19
722,rb2210,SHFE,0_0_     1242598,     1676296,多,平今,4904.0,1,2022-04-11 09:06:28
723,rb2210,SHFE,0_0_     1245241,     1676334,空,开,4905.0,1,2022-04-11 09:06:28
724,rb2210,SHFE,0_0_     1245324,     1676562,多,开,4906.0,6,2022-04-11 09:06:28
725,rb2210,SHFE,0_0_     1245945,     1678167,空,平今,4905.0,2,2022-04-11 09:06:32
726,rb2210,SHFE,0_0_     1246312,     1679448,空,开,4905.0,4,2022-04-11 09:06:36
727,rb2210,SHFE,0_0_     1247045,     1680850,多,平今,4906.0,4,2022-04-11 09:06:40
728,rb2210,SHFE,0_0_     1247666,     1683393,空,平今,4905.0,3,2022-04-11 09:06:47
729,rb2210,SHFE,0_0_     1249094,     1687908,多,平今,4902.0,3,2022-04-11 09:06:58
730,rb2210,SHFE,0_0_     1249239,     1688014,空,平今,4903.0,1,2022-04-11 09:06:59
731,rb2210,SHFE,0_0_     1249253,     1688229,空,开,4903.0,4,2022-04-11 09:06:59
732,rb2210,SHFE,0_0_     1253259,     1699762,多,平今,4907.0,3,2022-04-11 09:07:24
733,rb2210,SHFE,0_0_     1255114,     1703098,多,开,4909.0,4,2022-04-11 09:07:33
734,rb2210,SHFE,0_0_     1256865,     1706756,多,开,4909.0,3,2022-04-11 09:07:43
735,rb2210,SHFE,0_0_     1261716,     1715912,空,平今,4903.0,1,2022-04-11 09:08:13
736,rb2210,SHFE,0_0_     1261716,     1715923,空,平今,4903.0,1,2022-04-11 09:08:13
737,rb2210,SHFE,0_0_     1261830,     1716139,空,平今,4903.0,1,2022-04-11 09:08:14
738,rb2210,SHFE,0_0_     1264019,     1719786,空,平今,4906.0,1,2022-04-11 09:08:26
739,rb2210,SHFE,0_0_     1264444,     1720723,多,平今,4906.0,1,2022-04-11 09:08:29
740,rb2210,SHFE,0_0_     1264594,     1721375,多,开,4907.0,1,2022-04-11 09:08:32
741,rb2210,SHFE,0_0_     1262753,     1729253,多,开,4903.0,4,2022-04-11 09:09:00
742,rb2210,SHFE,0_0_     1269691,     1730417,空,平今,4903.0,1,2022-04-11 09:09:03
743,rb2210,SHFE,0_0_     1269691,     1730418,空,平今,4903.0,1,2022-04-11 09:09:03
744,rb2210,SHFE,0_0_     1269691,     1730419,空,平今,4903.0,1,2022-04-11 09:09:03
745,rb2210,SHFE,0_0_     1269691,     1730420,空,平今,4903.0,1,2022-04-11 09:09:03
746,rb2210,SHFE,0_0_     1269691,     1730501,空,平今,4903.0,4,2022-04-11 09:09:03
747,rb2210,SHFE,0_0_     1269865,     1731050,空,开,4902.0,1,2022-04-11 09:09:04
748,rb2210,SHFE,0_0_     1269986,     1731596,空,开,4902.0,1,2022-04-11 09:09:05
749,rb2210,SHFE,0_0_     1269986,     1731597,空,开,4902.0,1,2022-04-11 09:09:05
750,rb2210,SHFE,0_0_     1269986,     1731598,空,开,4902.0,1,2022-04-11 09:09:05
751,rb2210,SHFE,0_0_     1269986,     1731599,空,开,4902.0,1,2022-04-11 09:09:05
752,rb2210,SHFE,0_0_     1270166,     1731701,空,开,4902.0,1,2022-04-11 09:09:05
753,rb2210,SHFE,0_0_     1273598,     1738061,多,开,4906.0,1,2022-04-11 09:09:30
754,rb2210,SHFE,0_0_     1273598,     1738062,多,开,4906.0,1,2022-04-11 09:09:30
755,rb2210,SHFE,0_0_     1273598,     1738064,多,开,4906.0,2,2022-04-11 09:09:30
756,rb2210,SHFE,0_0_     1273598,     1738065,多,开,4906.0,3,2022-04-11 09:09:30
757,rb2210,SHFE,0_0_     1276498,     1744046,空,平今,4906.0,3,2022-04-11 09:09:52
758,rb2210,SHFE,0_0_     1276498,     1744050,空,平今,4906.0,1,2022-04-11 09:09:52
759,rb2210,SHFE,0_0_     1276704,     1744771,空,平今,4906.0,3,2022-04-11 09:09:55
760,rb2210,SHFE,0_0_     1277238,     1745360,空,开,4905.0,1,2022-04-11 09:09:57
761,rb2210,SHFE,0_0_     1277661,     1746330,多,平今,4904.0,1,2022-04-11 09:10:00
762,rb2210,SHFE,0_0_     1277661,     1746331,多,平今,4904.0,1,2022-04-11 09:10:00
763,rb2210,SHFE,0_0_     1277661,     1746335,多,平今,4904.0,1,2022-04-11 09:10:00
764,rb2210,SHFE,0_0_     1277661,     1746344,多,平今,4904.0,1,2022-04-11 09:10:00
765,rb2210,SHFE,0_0_     1277755,     1746813,空,开,4904.0,1,2022-04-11 09:10:00
766,rb2210,SHFE,0_0_     1277755,     1746827,空,开,4904.0,3,2022-04-11 09:10:00
767,rb2210,SHFE,0_0_     1279028,     1749995,多,平今,4906.0,2,2022-04-11 09:10:08
768,rb2210,SHFE,0_0_     1279028,     1749999,多,平今,4906.0,1,2022-04-11 09:10:08
769,rb2210,SHFE,0_0_     1280539,     1753137,多,开,4908.0,4,2022-04-11 09:10:18
770,rb2210,SHFE,0_0_     1280757,     1754341,多,平今,4908.0,1,2022-04-11 09:10:22
771,rb2210,SHFE,0_0_     1281318,     1754402,空,平今,4909.0,1,2022-04-11 09:10:22
772,rb2210,SHFE,0_0_     1282594,     1756515,空,平今,4908.0,1,2022-04-11 09:10:29
773,rb2210,SHFE,0_0_     1282594,     1756520,空,平今,4908.0,1,2022-04-11 09:10:29
774,rb2210,SHFE,0_0_     1282594,     1756523,空,平今,4908.0,1,2022-04-11 09:10:29
775,rb2210,SHFE,0_0_     1286471,     1762568,多,开,4908.0,4,2022-04-11 09:10:51
776,rb2210,SHFE,0_0_     1286739,     1763215,空,平今,4908.0,1,2022-04-11 09:10:54
777,rb2210,SHFE,0_0_     1287667,     1764707,多,开,4906.0,2,2022-04-11 09:11:00
778,rb2210,SHFE,0_0_     1287667,     1764745,多,开,4906.0,1,2022-04-11 09:11:00
779,rb2210,SHFE,0_0_     1288267,     1765576,空,平今,4905.0,2,2022-04-11 09:11:02
780,rb2210,SHFE,0_0_     1288267,     1765585,空,平今,4905.0,1,2022-04-11 09:11:02
781,rb2210,SHFE,0_0_     1288323,     1765849,空,开,4905.000000000001,4,2022-04-11 09:11:03
782,rb2210,SHFE,0_0_     1288341,     1765947,多,平今,4904.0,1,2022-04-11 09:11:03
783,rb2210,SHFE,0_0_     1288341,     1765959,多,平今,4904.0,3,2022-04-11 09:11:03
784,rb2210,SHFE,0_0_     1288400,     1767462,空,平今,4905.0,1,2022-04-11 09:11:08
785,rb2210,SHFE,0_0_     1289377,     1767605,空,平今,4905.0,2,2022-04-11 09:11:08
786,rb2210,SHFE,0_0_     1289806,     1770406,多,开,4908.0,2,2022-04-11 09:11:18
787,rb2210,SHFE,0_0_     1291077,     1771976,空,开,4908.0,1,2022-04-11 09:11:24
788,rb2210,SHFE,0_0_     1291077,     1771999,空,开,4908.0,3,2022-04-11 09:11:24
789,rb2210,SHFE,0_0_     1292042,     1772987,多,平今,4907.0,2,2022-04-11 09:11:27
790,rb2210,SHFE,0_0_     1292353,     1773015,空,平今,4908.0,1,2022-04-11 09:11:27
791,rb2210,SHFE,0_0_     1292353,     1773027,空,平今,4908.0,1,2022-04-11 09:11:27
792,rb2210,SHFE,0_0_     1292357,     1776153,多,平今,4907.0,2,2022-04-11 09:11:35
793,rb2210,SHFE,0_0_     1293961,     1779275,多,平今,4907.0,1,2022-04-11 09:11:45
794,rb2210,SHFE,0_0_     1295231,     1779288,空,开,4908.0,1,2022-04-11 09:11:45
795,rb2210,SHFE,0_0_     1299129,     1787006,空,开,4904.0,4,2022-04-11 09:12:04
796,rb2210,SHFE,0_0_     1299416,     1788065,多,平今,4904.0,1,2022-04-11 09:12:06
797,rb2210,SHFE,0_0_     1300296,     1790003,多,平今,4903.0,1,2022-04-11 09:12:09
798,rb2210,SHFE,0_0_     1299739,     1792733,空,开,4905.0,1,2022-04-11 09:12:15
799,rb2210,SHFE,0_0_     1301488,     1793539,空,开,4905.0,1,2022-04-11 09:12:17
800,rb2210,SHFE,0_0_     1301569,     1793617,多,平今,4904.0,1,2022-04-11 09:12:17
801,rb2210,SHFE,0_0_     1301872,     1793679,空,开,4905.0,1,2022-04-11 09:12:17
802,rb2210,SHFE,0_0_     1301888,     1794318,多,平今,4904.0,2,2022-04-11 09:12:19
803,rb2210,SHFE,0_0_     1301898,     1794389,多,开,4904.0,1,2022-04-11 09:12:20
804,rb2210,SHFE,0_0_     1301898,     1794596,多,开,4904.0,3,2022-04-11 09:12:20
805,rb2210,SHFE,0_0_     1302537,     1794627,空,平今,4905.0,3,2022-04-11 09:12:20
806,rb2210,SHFE,0_0_     1302555,     1795826,多,平今,4904.0,3,2022-04-11 09:12:25
807,rb2210,SHFE,0_0_     1303650,     1796618,多,开,4904.0,1,2022-04-11 09:12:27
808,rb2210,SHFE,0_0_     1304034,     1796985,空,平今,4905.0,1,2022-04-11 09:12:29
809,rb2210,SHFE,0_0_     1304191,     1797294,多,开,4904.0,3,2022-04-11 09:12:30
810,rb2210,SHFE,0_0_     1305651,     1800338,空,开,4904.0,4,2022-04-11 09:12:41
811,rb2210,SHFE,0_0_     1308008,     1803624,空,开,4899.0,1,2022-04-11 09:12:50
812,rb2210,SHFE,0_0_     1308777,     1805082,多,平今,4897.0,1,2022-04-11 09:12:53
813,rb2210,SHFE,0_0_     1310377,     1808548,多,平今,4896.0,3,2022-04-11 09:13:02
814,rb2210,SHFE,0_0_     1308781,     1810472,空,开,4898.0,1,2022-04-11 09:13:09
815,rb2210,SHFE,0_0_     1312879,     1811943,多,开,4897.0,2,2022-04-11 09:13:15
816,rb2210,SHFE,0_0_     1314870,     1814926,多,开,4897.0,2,2022-04-11 09:13:28
817,rb2210,SHFE,0_0_     1315052,     1816658,多,平今,4896.0,1,2022-04-11 09:13:35
818,rb2210,SHFE,0_0_     1316244,     1816756,空,平今,4897.0,1,2022-04-11 09:13:35
819,rb2210,SHFE,0_0_     1316244,     1816772,空,平今,4897.0,1,2022-04-11 09:13:35
820,rb2210,SHFE,0_0_     1316244,     1816776,空,平今,4897.0,2,2022-04-11 09:13:35
821,rb2210,SHFE,0_0_     1310681,     1817002,多,平今,4895.0,4,2022-04-11 09:13:36
822,rb2210,SHFE,0_0_     1316311,     1817052,空,开,4896.0,2,2022-04-11 09:13:36
823,rb2210,SHFE,0_0_     1316311,     1817054,空,开,4896.0,1,2022-04-11 09:13:36
824,rb2210,SHFE,0_0_     1316311,     1817057,空,开,4896.0,1,2022-04-11 09:13:36
825,rb2210,SHFE,0_0_     1316310,     1817264,空,开,4897.0,1,2022-04-11 09:13:37
826,rb2210,SHFE,0_0_     1316477,     1817333,多,平今,4896.0,5,2022-04-11 09:13:37
827,rb2210,SHFE,0_0_     1316497,     1817426,空,开,4897.0,2,2022-04-11 09:13:37
828,rb2210,SHFE,0_0_     1316543,     1817432,多,平今,4896.0,2,2022-04-11 09:13:37
829,rb2210,SHFE,0_0_     1316544,     1817693,空,开,4897.0,1,2022-04-11 09:13:38
830,rb2210,SHFE,0_0_     1316544,     1817789,空,开,4897.0,1,2022-04-11 09:13:38
831,rb2210,SHFE,0_0_     1317123,     1818324,空,平今,4896.0,2,2022-04-11 09:13:41
832,rb2210,SHFE,0_0_     1317249,     1819835,空,开,4896.0,5,2022-04-11 09:13:47
833,rb2210,SHFE,0_0_     1318499,     1820134,多,平今,4895.0,3,2022-04-11 09:13:49
834,rb2210,SHFE,0_0_     1318499,     1820162,多,平今,4895.0,1,2022-04-11 09:13:49
835,rb2210,SHFE,0_0_     1318900,     1820417,空,开,4896.0,1,2022-04-11 09:13:50
836,rb2210,SHFE,0_0_     1318900,     1820418,空,开,4896.0,1,2022-04-11 09:13:50
837,rb2210,SHFE,0_0_     1316872,     1820565,空,平今,4897.0,2,2022-04-11 09:13:51
838,rb2210,SHFE,0_0_     1319284,     1821184,多,平今,4897.0,3,2022-04-11 09:13:53
839,rb2210,SHFE,0_0_     1318933,     1821209,多,平今,4896.0,1,2022-04-11 09:13:53
840,rb2210,SHFE,0_0_     1319464,     1821211,空,开,4897.0,1,2022-04-11 09:13:53
841,rb2210,SHFE,0_0_     1319477,     1821397,空,开,4898.0,2,2022-04-11 09:13:53
842,rb2210,SHFE,0_0_     1319477,     1821398,空,开,4898.0,1,2022-04-11 09:13:53
843,rb2210,SHFE,0_0_     1319477,     1821399,空,开,4898.0,1,2022-04-11 09:13:53
844,rb2210,SHFE,0_0_     1319717,     1821641,空,开,4898.0,1,2022-04-11 09:13:55
845,rb2210,SHFE,0_0_     1319467,     1822156,多,平今,4896.0,1,2022-04-11 09:13:57
846,rb2210,SHFE,0_0_     1320324,     1822256,多,平今,4896.0,1,2022-04-11 09:13:57
847,rb2210,SHFE,0_0_     1320324,     1822257,多,平今,4896.0,1,2022-04-11 09:13:57
848,rb2210,SHFE,0_0_     1320324,     1822258,多,平今,4896.0,3,2022-04-11 09:13:57
849,rb2210,SHFE,0_0_     1320312,     1822464,空,开,4897.0,1,2022-04-11 09:13:58
850,rb2210,SHFE,0_0_     1320409,     1822494,多,平今,4896.0,1,2022-04-11 09:13:58
851,rb2210,SHFE,0_0_     1320492,     1822743,空,开,4897.0,4,2022-04-11 09:13:59
852,rb2210,SHFE,0_0_     1320636,     1823611,多,平今,4896.0,1,2022-04-11 09:14:01
853,rb2210,SHFE,0_0_     1320636,     1823617,多,平今,4896.0,1,2022-04-11 09:14:01
854,rb2210,SHFE,0_0_     1320636,     1823971,多,平今,4896.0,2,2022-04-11 09:14:01
855,rb2210,SHFE,0_0_     1320656,     1824073,多,开,4896.0,2,2022-04-11 09:14:02
856,rb2210,SHFE,0_0_     1321040,     1824436,空,平今,4897.0,1,2022-04-11 09:14:03
857,rb2210,SHFE,0_0_     1321040,     1824592,空,平今,4897.0,1,2022-04-11 09:14:03
858,rb2210,SHFE,0_0_     1321532,     1825683,空,开,4896.0,1,2022-04-11 09:14:05
859,rb2210,SHFE,0_0_     1321228,     1825707,空,开,4897.0,2,2022-04-11 09:14:05
860,rb2210,SHFE,0_0_     1321669,     1825724,多,平今,4896.0,1,2022-04-11 09:14:05
861,rb2210,SHFE,0_0_     1321669,     1825764,多,平今,4896.0,1,2022-04-11 09:14:05
862,rb2210,SHFE,0_0_     1321668,     1825771,多,平今,4895.0,1,2022-04-11 09:14:05
863,rb2210,SHFE,0_0_     1321705,     1825779,空,开,4896.0,1,2022-04-11 09:14:05
864,rb2210,SHFE,0_0_     1321686,     1825870,空,开,4897.0,1,2022-04-11 09:14:06
865,rb2210,SHFE,0_0_     1321686,     1825871,空,开,4897.0,1,2022-04-11 09:14:06
866,rb2210,SHFE,0_0_     1321730,     1826050,多,平今,4896.0,2,2022-04-11 09:14:06
867,rb2210,SHFE,0_0_     1321706,     1826291,多,平今,4895.0,1,2022-04-11 09:14:08
868,rb2210,SHFE,0_0_     1322060,     1827185,空,开,4896.0,5,2022-04-11 09:14:10
869,rb2210,SHFE,0_0_     1322500,     1827204,多,平今,4895.0,5,2022-04-11 09:14:10
870,rb2210,SHFE,0_0_     1322501,     1827690,空,开,4896.0,1,2022-04-11 09:14:11
871,rb2210,SHFE,0_0_     1322501,     1827692,空,开,4896.0,1,2022-04-11 09:14:11
872,rb2210,SHFE,0_0_     1324374,     1830531,多,开,4891.0,8,2022-04-11 09:14:19
873,rb2210,SHFE,0_0_     1324822,     1831376,空,平今,4891.0,4,2022-04-11 09:14:20
874,rb2210,SHFE,0_0_     1324655,     1831395,空,平今,4892.0,4,2022-04-11 09:14:20
875,rb2210,SHFE,0_0_     1324831,     1831444,多,开,4891.0,6,2022-04-11 09:14:20
876,rb2210,SHFE,0_0_     1324843,     1831468,空,平今,4892.0,6,2022-04-11 09:14:20
877,rb2210,SHFE,0_0_     1324847,     1831470,多,开,4891.0,3,2022-04-11 09:14:20
878,rb2210,SHFE,0_0_     1324847,     1831476,多,开,4891.0,1,2022-04-11 09:14:20
879,rb2210,SHFE,0_0_     1324847,     1831480,多,开,4891.0,2,2022-04-11 09:14:20
880,rb2210,SHFE,0_0_     1324850,     1831710,空,平今,4892.0,1,2022-04-11 09:14:21
881,rb2210,SHFE,0_0_     1324850,     1831808,空,平今,4892.0,1,2022-04-11 09:14:21
882,rb2210,SHFE,0_0_     1324850,     1831841,空,平今,4892.0,1,2022-04-11 09:14:21
883,rb2210,SHFE,0_0_     1324850,     1831859,空,平今,4892.0,2,2022-04-11 09:14:21
884,rb2210,SHFE,0_0_     1324850,     1831890,空,平今,4892.0,1,2022-04-11 09:14:21
885,rb2210,SHFE,0_0_     1327552,     1836176,多,平今,4894.0,2,2022-04-11 09:14:33
886,rb2210,SHFE,0_0_     1322501,     1837822,空,开,4896.0,3,2022-04-11 09:14:41
887,rb2210,SHFE,0_0_     1329316,     1838136,多,平今,4895.0,4,2022-04-11 09:14:42
888,rb2210,SHFE,0_0_     1330466,     1840898,空,开,4896.0,4,2022-04-11 09:14:50
889,rb2210,SHFE,0_0_     1331329,     1842111,多,平今,4895.0,4,2022-04-11 09:14:53
890,rb2210,SHFE,0_0_     1332075,     1843425,空,开,4895.0,2,2022-04-11 09:14:56
891,rb2210,SHFE,0_0_     1321891,     1844492,空,开,4897.0,2,2022-04-11 09:14:59
892,rb2210,SHFE,0_0_     1332814,     1844499,多,平今,4896.0,1,2022-04-11 09:14:59
893,rb2210,SHFE,0_0_     1332814,     1844510,多,平今,4896.0,1,2022-04-11 09:14:59
894,rb2210,SHFE,0_0_     1333602,     1847846,多,平今,4892.0,1,2022-04-11 09:15:03
895,rb2210,SHFE,0_0_     1325233,     1847885,多,开,4891.0,4,2022-04-11 09:15:03
896,rb2210,SHFE,0_0_     1333685,     1848001,空,平今,4892.0,1,2022-04-11 09:15:03
897,rb2210,SHFE,0_0_     1333685,     1848005,空,平今,4892.0,1,2022-04-11 09:15:03
898,rb2210,SHFE,0_0_     1333685,     1848006,空,平今,4892.0,1,2022-04-11 09:15:03
899,rb2210,SHFE,0_0_     1333685,     1848008,空,平今,4892.0,1,2022-04-11 09:15:03
900,rb2210,SHFE,0_0_     1333708,     1850308,空,开,4892.0,1,2022-04-11 09:15:07
901,rb2210,SHFE,0_0_     1333708,     1850340,空,开,4892.0,3,2022-04-11 09:15:07
902,rb2210,SHFE,0_0_     1334755,     1851374,多,平今,4891.0,3,2022-04-11 09:15:09
903,rb2210,SHFE,0_0_     1335360,     1852034,空,开,4894.0,3,2022-04-11 09:15:10
904,rb2210,SHFE,0_0_     1334796,     1857350,多,开,4891.0,2,2022-04-11 09:15:28
905,rb2210,SHFE,0_0_     1334796,     1857403,多,开,4891.0,1,2022-04-11 09:15:28
906,rb2210,SHFE,0_0_     1339539,     1857913,空,平今,4891.0,1,2022-04-11 09:15:29
907,rb2210,SHFE,0_0_     1339788,     1858105,多,平今,4891.0,1,2022-04-11 09:15:30
908,rb2210,SHFE,0_0_     1339976,     1858420,空,平今,4891.0,1,2022-04-11 09:15:31
909,rb2210,SHFE,0_0_     1341512,     1860021,空,平今,4890.0,1,2022-04-11 09:15:39
910,rb2210,SHFE,0_0_     1344130,     1864237,空,开,4890.0,4,2022-04-11 09:15:53
911,rb2210,SHFE,0_0_     1344855,     1865271,多,平今,4889.0,1,2022-04-11 09:15:57
912,rb2210,SHFE,0_0_     1344855,     1865274,多,平今,4889.0,1,2022-04-11 09:15:57
913,rb2210,SHFE,0_0_     1344855,     1865283,多,平今,4889.0,1,2022-04-11 09:15:57
914,rb2210,SHFE,0_0_     1344855,     1865284,多,平今,4889.0,1,2022-04-11 09:15:57
915,rb2210,SHFE,0_0_     1344971,     1865912,多,平今,4889.0,2,2022-04-11 09:16:00
916,rb2210,SHFE,0_0_     1344971,     1865913,多,平今,4889.0,2,2022-04-11 09:16:00
917,rb2210,SHFE,0_0_     1345503,     1866280,空,开,4889.0,3,2022-04-11 09:16:01
918,rb2210,SHFE,0_0_     1345421,     1867006,空,开,4890.0,4,2022-04-11 09:16:03
919,rb2210,SHFE,0_0_     1346086,     1867887,多,平今,4890.0,1,2022-04-11 09:16:06
920,rb2210,SHFE,0_0_     1346086,     1867894,多,平今,4890.0,3,2022-04-11 09:16:06
921,rb2210,SHFE,0_0_     1346359,     1868029,多,平今,4890.000000000001,2,2022-04-11 09:16:07
922,rb2210,SHFE,0_0_     1346549,     1868158,多,开,4890.0,3,2022-04-11 09:16:07
923,rb2210,SHFE,0_0_     1346596,     1868599,空,开,4891.0,7,2022-04-11 09:16:08
924,rb2210,SHFE,0_0_     1346898,     1868700,多,平今,4890.0,1,2022-04-11 09:16:09
925,rb2210,SHFE,0_0_     1346898,     1868707,多,平今,4890.0,6,2022-04-11 09:16:09
926,rb2210,SHFE,0_0_     1348245,     1871096,空,平今,4892.000000000001,1,2022-04-11 09:16:17
927,rb2210,SHFE,0_0_     1348555,     1871935,空,平今,4892.0,1,2022-04-11 09:16:21
928,rb2210,SHFE,0_0_     1348879,     1871945,空,开,4892.0,3,2022-04-11 09:16:21
929,rb2210,SHFE,0_0_     1349828,     1872368,多,平今,4892.0,2,2022-04-11 09:16:22
930,rb2210,SHFE,0_0_     1349828,     1872430,多,平今,4892.0,2,2022-04-11 09:16:23
931,rb2210,SHFE,0_0_     1349967,     1872825,空,开,4893.0,2,2022-04-11 09:16:25
932,rb2210,SHFE,0_0_     1350509,     1873000,多,平今,4892.0,2,2022-04-11 09:16:25
933,rb2210,SHFE,0_0_     1350566,     1873014,空,开,4893.0,4,2022-04-11 09:16:25
934,rb2210,SHFE,0_0_     1350566,     1873025,空,开,4893.0,1,2022-04-11 09:16:26
935,rb2210,SHFE,0_0_     1350826,     1873438,空,开,4893.0,2,2022-04-11 09:16:27
936,rb2210,SHFE,0_0_     1351021,     1873740,多,平今,4892.0,2,2022-04-11 09:16:29
937,rb2210,SHFE,0_0_     1351992,     1874545,多,平今,4893.0,2,2022-04-11 09:16:33
938,rb2210,SHFE,0_0_     1351992,     1874570,多,平今,4893.0,1,2022-04-11 09:16:34
939,rb2210,SHFE,0_0_     1351992,     1874590,多,平今,4893.0,1,2022-04-11 09:16:34
940,rb2210,SHFE,0_0_     1352213,     1875056,空,开,4894.0,1,2022-04-11 09:16:36
941,rb2210,SHFE,0_0_     1352213,     1875062,空,开,4894.0,1,2022-04-11 09:16:36
942,rb2210,SHFE,0_0_     1353210,     1876088,空,开,4895.0,2,2022-04-11 09:16:41
943,rb2210,SHFE,0_0_     1353482,     1876243,空,平今,4895.0,1,2022-04-11 09:16:42
944,rb2210,SHFE,0_0_     1354238,     1877532,多,开,4895.0,1,2022-04-11 09:16:49
945,rb2210,SHFE,0_0_     1354238,     1877588,多,开,4895.0,2,2022-04-11 09:16:50
946,rb2210,SHFE,0_0_     1354238,     1877616,多,开,4895.0,1,2022-04-11 09:16:50
947,rb2210,SHFE,0_0_     1354887,     1877994,空,平今,4896.0,3,2022-04-11 09:16:51
948,rb2210,SHFE,0_0_     1356419,     1881624,空,平今,4894.0,1,2022-04-11 09:17:06
949,rb2210,SHFE,0_0_     1357771,     1882288,多,平今,4895.0,3,2022-04-11 09:17:09
950,rb2210,SHFE,0_0_     1357771,     1882295,多,平今,4895.0,1,2022-04-11 09:17:09
951,rb2210,SHFE,0_0_     1355186,     1883330,空,开,4896.0,1,2022-04-11 09:17:12
952,rb2210,SHFE,0_0_     1355186,     1883333,空,开,4896.0,1,2022-04-11 09:17:12
953,rb2210,SHFE,0_0_     1355186,     1883342,空,开,4896.0,1,2022-04-11 09:17:12
954,rb2210,SHFE,0_0_     1358660,     1883755,多,平今,4895.0,3,2022-04-11 09:17:13
955,rb2210,SHFE,0_0_     1358764,     1883871,多,开,4895.0,4,2022-04-11 09:17:14
956,rb2210,SHFE,0_0_     1358893,     1884124,空,平今,4895.0,1,2022-04-11 09:17:15
957,rb2210,SHFE,0_0_     1359025,     1884876,空,平今,4895.0,1,2022-04-11 09:17:20
958,rb2210,SHFE,0_0_     1359025,     1884893,空,平今,4895.0,1,2022-04-11 09:17:20
959,rb2210,SHFE,0_0_     1359025,     1884899,空,平今,4895.0,1,2022-04-11 09:17:20
960,rb2210,SHFE,0_0_     1357459,     1887100,多,平今,4893.0,1,2022-04-11 09:17:34
961,rb2210,SHFE,0_0_     1362965,     1889198,多,开,4893.0,2,2022-04-11 09:17:44
962,rb2210,SHFE,0_0_     1366158,     1890537,空,平今,4895.0,2,2022-04-11 09:17:53
963,rb2210,SHFE,0_0_     1373827,     1901877,多,开,4900.0,1,2022-04-11 09:18:33
964,rb2210,SHFE,0_0_     1374250,     1902621,空,开,4901.0,2,2022-04-11 09:18:37
965,rb2210,SHFE,0_0_     1376337,     1906268,多,开,4903.0,2,2022-04-11 09:18:50
966,rb2210,SHFE,0_0_     1376337,     1906303,多,开,4903.0,1,2022-04-11 09:18:50
967,rb2210,SHFE,0_0_     1376337,     1906374,多,开,4903.0,1,2022-04-11 09:18:51
968,rb2210,SHFE,0_0_     1376507,     1906943,空,平今,4904.0,1,2022-04-11 09:18:52
969,rb2210,SHFE,0_0_     1380997,     1918071,空,平今,4906.0,1,2022-04-11 09:19:27
970,rb2210,SHFE,0_0_     1382727,     1919507,空,平今,4905.0,1,2022-04-11 09:19:32
971,rb2210,SHFE,0_0_     1383558,     1921463,空,开,4906.0,2,2022-04-11 09:19:41
972,rb2210,SHFE,0_0_     1383558,     1921505,空,开,4906.0,1,2022-04-11 09:19:41
973,rb2210,SHFE,0_0_     1383558,     1921509,空,开,4906.0,1,2022-04-11 09:19:41
974,rb2210,SHFE,0_0_     1386485,     1924905,空,平今,4905.0,1,2022-04-11 09:19:57
975,rb2210,SHFE,0_0_     1388456,     1929470,多,平今,4909.0,2,2022-04-11 09:20:11
976,rb2210,SHFE,0_0_     1389305,     1930633,空,平今,4909.0,1,2022-04-11 09:20:14
977,rb2210,SHFE,0_0_     1389448,     1930989,空,开,4908.0,4,2022-04-11 09:20:15
978,rb2210,SHFE,0_0_     1389757,     1931134,多,平今,4907.0,7,2022-04-11 09:20:16
979,rb2210,SHFE,0_0_     1389903,     1931985,空,开,4908.0,4,2022-04-11 09:20:19
980,rb2210,SHFE,0_0_     1390383,     1932431,空,开,4908.0,2,2022-04-11 09:20:21
981,rb2210,SHFE,0_0_     1390551,     1932704,空,开,4908.0,1,2022-04-11 09:20:22
982,rb2210,SHFE,0_0_     1396122,     1940917,多,开,4911.0,1,2022-04-11 09:20:55
983,rb2210,SHFE,0_0_     1396122,     1940972,多,开,4911.0,1,2022-04-11 09:20:55
984,rb2210,SHFE,0_0_     1396122,     1940995,多,开,4911.0,1,2022-04-11 09:20:55
985,rb2210,SHFE,0_0_     1396122,     1941010,多,开,4911.0,5,2022-04-11 09:20:55
986,rb2210,SHFE,0_0_     1391033,     1941208,多,平今,4910.0,1,2022-04-11 09:20:56
987,rb2210,SHFE,0_0_     1391033,     1941298,多,平今,4910.0,1,2022-04-11 09:20:56
988,rb2210,SHFE,0_0_     1391033,     1941299,多,平今,4910.0,1,2022-04-11 09:20:56
989,rb2210,SHFE,0_0_     1391033,     1941325,多,平今,4910.0,1,2022-04-11 09:20:57
990,rb2210,SHFE,0_0_     1396795,     1941481,空,平今,4911.0,3,2022-04-11 09:20:58
991,rb2210,SHFE,0_0_     1396795,     1941515,空,平今,4911.0,1,2022-04-11 09:20:58
992,rb2210,SHFE,0_0_     1397186,     1941863,空,平今,4911.0,1,2022-04-11 09:21:00
993,rb2210,SHFE,0_0_     1397186,     1941869,空,平今,4911.0,1,2022-04-11 09:21:00
994,rb2210,SHFE,0_0_     1397186,     1941883,空,平今,4911.0,1,2022-04-11 09:21:00
995,rb2210,SHFE,0_0_     1397186,     1941966,空,平今,4911.0,1,2022-04-11 09:21:00
996,rb2210,SHFE,0_0_     1397425,     1942207,多,开,4910.0,3,2022-04-11 09:21:01
997,rb2210,SHFE,0_0_     1397425,     1942215,多,开,4910.0,1,2022-04-11 09:21:01
998,rb2210,SHFE,0_0_     1398521,     1944252,空,平今,4910.0,1,2022-04-11 09:21:10
999,rb2210,SHFE,0_0_     1399459,     1948271,多,平今,4910.0,1,2022-04-11 09:21:25
1000,rb2210,SHFE,0_0_     1402214,     1951889,多,开,4911.0,4,2022-04-11 09:21:37
1001,rb2210,SHFE,0_0_     1402450,     1953073,空,平今,4912.0,5,2022-04-11 09:21:42
1002,rb2210,SHFE,0_0_     1402986,     1953257,多,开,4911.0,5,2022-04-11 09:21:43
1003,rb2210,SHFE,0_0_     1403028,     1953528,空,平今,4912.0,3,2022-04-11 09:21:44
1004,rb2210,SHFE,0_0_     1403028,     1953529,空,平今,4912.0,1,2022-04-11 09:21:44
1005,rb2210,SHFE,0_0_     1403028,     1953586,空,平今,4912.0,1,2022-04-11 09:21:44
1006,rb2210,SHFE,0_0_     1403467,     1954143,空,开,4912.0,1,2022-04-11 09:21:46
1007,rb2210,SHFE,0_0_     1403467,     1954158,空,开,4912.0,3,2022-04-11 09:21:46
1008,rb2210,SHFE,0_0_     1403606,     1954328,空,平今,4912.0,2,2022-04-11 09:21:47
1009,rb2210,SHFE,0_0_     1403608,     1954536,多,平今,4911.0,5,2022-04-11 09:21:48
1010,rb2210,SHFE,0_0_     1403707,     1954785,空,开,4912.0,4,2022-04-11 09:21:49
1011,rb2210,SHFE,0_0_     1403707,     1954818,空,开,4912.0,1,2022-04-11 09:21:49
1012,rb2210,SHFE,0_0_     1407855,     1965205,多,平今,4909.0,1,2022-04-11 09:22:38
1013,rb2210,SHFE,0_0_     1410575,     1966219,空,开,4910.0,1,2022-04-11 09:22:46
1014,rb2210,SHFE,0_0_     1411321,     1966566,多,平今,4909.0,1,2022-04-11 09:22:49
1015,rb2210,SHFE,0_0_     1412737,     1968222,多,平今,4909.0,4,2022-04-11 09:23:00
1016,rb2210,SHFE,0_0_     1413499,     1968259,多,开,4909.0,4,2022-04-11 09:23:01
1017,rb2210,SHFE,0_0_     1413501,     1971145,空,平今,4910.0,4,2022-04-11 09:23:21
1018,rb2210,SHFE,0_0_     1417919,     1974813,多,开,4910.0,4,2022-04-11 09:23:40
1019,rb2210,SHFE,0_0_     1416862,     1975026,多,平今,4909.0,1,2022-04-11 09:23:42
1020,rb2210,SHFE,0_0_     1414764,     1975480,多,开,4907.0,1,2022-04-11 09:23:44
1021,rb2210,SHFE,0_0_     1414764,     1975481,多,开,4907.0,1,2022-04-11 09:23:44
1022,rb2210,SHFE,0_0_     1414764,     1975482,多,开,4907.0,2,2022-04-11 09:23:44
1023,rb2210,SHFE,0_0_     1419460,     1976651,空,平今,4907.0,2,2022-04-11 09:23:52
1024,rb2210,SHFE,0_0_     1420285,     1977339,空,平今,4907.0,2,2022-04-11 09:23:57
1025,rb2210,SHFE,0_0_     1420285,     1977344,空,平今,4907.0,1,2022-04-11 09:23:57
1026,rb2210,SHFE,0_0_     1420665,     1977547,多,开,4906.0,2,2022-04-11 09:23:59
1027,rb2210,SHFE,0_0_     1420815,     1978059,空,平今,4907.0,4,2022-04-11 09:24:01
1028,rb2210,SHFE,0_0_     1422178,     1988442,空,平今,4906.0,1,2022-04-11 09:24:51
1029,rb2210,SHFE,0_0_     1428873,     1988475,空,开,4905.0,1,2022-04-11 09:24:51
1030,rb2210,SHFE,0_0_     1428873,     1988498,空,开,4905.0,1,2022-04-11 09:24:52
1031,rb2210,SHFE,0_0_     1432070,     1993493,多,平今,4908.0,1,2022-04-11 09:25:10
1032,rb2210,SHFE,0_0_     1432724,     1995719,多,开,4910.0,4,2022-04-11 09:25:19
1033,rb2210,SHFE,0_0_     1434273,     1996059,空,平今,4911.0,3,2022-04-11 09:25:20
1034,rb2210,SHFE,0_0_     1434273,     1996060,空,平今,4911.0,1,2022-04-11 09:25:20
1035,rb2210,SHFE,0_0_     1434421,     1996080,多,开,4910.0,2,2022-04-11 09:25:20
1036,rb2210,SHFE,0_0_     1434421,     1996086,多,开,4910.0,1,2022-04-11 09:25:20
1037,rb2210,SHFE,0_0_     1434421,     1996087,多,开,4910.0,1,2022-04-11 09:25:20
1038,rb2210,SHFE,0_0_     1434845,     1996657,空,平今,4911.0,4,2022-04-11 09:25:23
1039,rb2210,SHFE,0_0_     1438890,     2002891,多,平今,4915.0,2,2022-04-11 09:25:52
1040,rb2210,SHFE,0_0_     1439342,     2003206,空,开,4916.000000000001,2,2022-04-11 09:25:54
1041,rb2210,SHFE,0_0_     1439342,     2003226,空,开,4916.0,1,2022-04-11 09:25:54
1042,rb2210,SHFE,0_0_     1439342,     2003227,空,开,4916.0,1,2022-04-11 09:25:54
1043,rb2210,SHFE,0_0_     1439725,     2003492,多,平今,4915.0,2,2022-04-11 09:25:55
1044,rb2210,SHFE,0_0_     1439771,     2003585,空,开,4916.0,4,2022-04-11 09:25:56
1045,rb2210,SHFE,0_0_     1439855,     2003801,多,平今,4915.0,4,2022-04-11 09:25:57
1046,rb2210,SHFE,0_0_     1440394,     2005315,空,开,4913.0,6,2022-04-11 09:26:03
1047,rb2210,SHFE,0_0_     1434877,     2007881,多,开,4910.0,6,2022-04-11 09:26:17
1048,rb2210,SHFE,0_0_     1447879,     2012473,多,平今,4913.0,1,2022-04-11 09:26:46
1049,rb2210,SHFE,0_0_     1448054,     2023193,空,平今,4914.0,1,2022-04-11 09:27:54
1050,rb2210,SHFE,0_0_     1456918,     2023684,多,平今,4913.000000000001,3,2022-04-11 09:28:00
1051,rb2210,SHFE,0_0_     1460557,     2026715,空,开,4912.0,3,2022-04-11 09:28:27
1052,rb2210,SHFE,0_0_     1466715,     2033903,多,平今,4909.0,2,2022-04-11 09:29:15
1053,rb2210,SHFE,0_0_     1468144,     2035081,空,平今,4907.0,1,2022-04-11 09:29:22
1054,rb2210,SHFE,0_0_     1474218,     2044353,空,平今,4905.0,1,2022-04-11 09:30:10
1055,rb2210,SHFE,0_0_     1475944,     2045054,多,平今,4905.0,1,2022-04-11 09:30:14
1056,rb2210,SHFE,0_0_     1475799,     2053908,多,平今,4904.0,1,2022-04-11 09:31:11
1057,rb2210,SHFE,0_0_     1485469,     2055725,空,平今,4905.0,1,2022-04-11 09:31:22
1058,rb2210,SHFE,0_0_     1486770,     2056001,多,平今,4904.0,1,2022-04-11 09:31:24
1059,rb2210,SHFE,0_0_     1488520,     2057321,多,平今,4904.0,2,2022-04-11 09:31:33
1060,rb2210,SHFE,0_0_     1489305,     2058703,多,开,4904.0,1,2022-04-11 09:31:41
1061,rb2210,SHFE,0_0_     1489871,     2059167,空,平今,4905.0,2,2022-04-11 09:31:43
1062,rb2210,SHFE,0_0_     1467020,     2064062,空,平今,4910.0,1,2022-04-11 09:32:21
1063,rb2210,SHFE,0_0_     1497927,     2067522,空,开,4910.0,4,2022-04-11 09:32:51
1064,rb2210,SHFE,0_0_     1498872,     2067594,多,平今,4909.0,4,2022-04-11 09:32:51
1065,rb2210,SHFE,0_0_     1498885,     2067720,空,开,4910.0,1,2022-04-11 09:32:53
1066,rb2210,SHFE,0_0_     1498885,     2067878,空,开,4910.0,3,2022-04-11 09:32:54
1067,rb2210,SHFE,0_0_     1499382,     2068003,多,平今,4909.0,3,2022-04-11 09:32:56
1068,rb2210,SHFE,0_0_     1521557,     2089158,空,开,4904.0,1,2022-04-11 09:35:22
1069,rb2210,SHFE,0_0_     1521557,     2089256,空,开,4904.0,1,2022-04-11 09:35:23
1070,rb2210,SHFE,0_0_     1521557,     2089294,空,开,4904.0,1,2022-04-11 09:35:23
1071,rb2210,SHFE,0_0_     1521557,     2089326,空,开,4904.0,1,2022-04-11 09:35:24
1072,rb2210,SHFE,0_0_     1521915,     2089369,多,平今,4903.0,1,2022-04-11 09:35:24
1073,rb2210,SHFE,0_0_     1529223,     2097781,多,平今,4899.0,4,2022-04-11 09:36:05
1074,rb2210,SHFE,0_0_     1537225,     2105803,空,开,4903.0,2,2022-04-11 09:37:01
1075,rb2210,SHFE,0_0_     1537288,     2106219,空,开,4903.0,2,2022-04-11 09:37:04
1076,rb2210,SHFE,0_0_     1537676,     2106275,多,开,4902.0,8,2022-04-11 09:37:04
1077,rb2210,SHFE,0_0_     1537998,     2106973,空,平今,4903.0,2,2022-04-11 09:37:08
1078,rb2210,SHFE,0_0_     1538204,     2111633,多,平今,4902.0,1,2022-04-11 09:37:46
1079,rb2210,SHFE,0_0_     1538204,     2111784,多,平今,4902.0,1,2022-04-11 09:37:47
1080,rb2210,SHFE,0_0_     1542817,     2112423,空,平今,4903.0,1,2022-04-11 09:37:50
1081,rb2210,SHFE,0_0_     1543392,     2113221,多,平今,4902.0,1,2022-04-11 09:37:54
1082,rb2210,SHFE,0_0_     1544161,     2113325,空,平今,4903.0,1,2022-04-11 09:37:55
1083,rb2210,SHFE,0_0_     1550106,     2118986,多,开,4907.0,1,2022-04-11 09:38:33
1084,rb2210,SHFE,0_0_     1551587,     2120494,多,开,4907.0,1,2022-04-11 09:38:43
1085,rb2210,SHFE,0_0_     1544266,     2127271,多,平今,4902.0,1,2022-04-11 09:39:34
1086,rb2210,SHFE,0_0_     1572346,     2138755,空,开,4901.0,8,2022-04-11 09:40:43
1087,rb2210,SHFE,0_0_     1573827,     2140288,多,平今,4902.0,8,2022-04-11 09:40:59
1088,rb2210,SHFE,0_0_     1575203,     2142355,空,平今,4901.0,2,2022-04-11 09:41:12
1089,rb2210,SHFE,0_0_     1578210,     2145429,空,开,4901.0,4,2022-04-11 09:41:42
1090,rb2210,SHFE,0_0_     1584975,     2152789,空,开,4897.0,4,2022-04-11 09:42:35
1091,rb2210,SHFE,0_0_     1590279,     2157552,多,平今,4894.0,8,2022-04-11 09:43:06
1092,rb2210,SHFE,0_0_     1591318,     2159272,多,开,4891.0,4,2022-04-11 09:43:13
1093,rb2210,SHFE,0_0_     1592172,     2160159,空,平今,4890.0,1,2022-04-11 09:43:17
1094,rb2210,SHFE,0_0_     1592172,     2160160,空,平今,4890.0,1,2022-04-11 09:43:17
1095,rb2210,SHFE,0_0_     1592172,     2160161,空,平今,4890.0,2,2022-04-11 09:43:17
1096,rb2210,SHFE,0_0_     1592088,     2162884,空,平今,4891.0,2,2022-04-11 09:43:30
1097,rb2210,SHFE,0_0_     1592088,     2162899,空,平今,4891.0,1,2022-04-11 09:43:30
1098,rb2210,SHFE,0_0_     1592088,     2162941,空,平今,4891.0,1,2022-04-11 09:43:30
1099,rb2210,SHFE,0_0_     1595075,     2164059,多,开,4890.0,1,2022-04-11 09:43:33
1100,rb2210,SHFE,0_0_     1595191,     2164376,多,开,4890.0,2,2022-04-11 09:43:34
1101,rb2210,SHFE,0_0_     1595505,     2164676,空,平今,4891.0,2,2022-04-11 09:43:35
1102,rb2210,SHFE,0_0_     1595733,     2164692,多,开,4890.0,2,2022-04-11 09:43:35
1103,rb2210,SHFE,0_0_     1596322,     2166280,空,开,4887.0,3,2022-04-11 09:43:40
1104,rb2210,SHFE,0_0_     1596509,     2166681,多,平今,4887.0,1,2022-04-11 09:43:41
1105,rb2210,SHFE,0_0_     1596530,     2166977,空,平今,4888.0,1,2022-04-11 09:43:42
1106,rb2210,SHFE,0_0_     1596655,     2167121,多,平今,4887.0,1,2022-04-11 09:43:44
1107,rb2210,SHFE,0_0_     1596777,     2167263,空,开,4888.0,1,2022-04-11 09:43:45
1108,rb2210,SHFE,0_0_     1596923,     2167413,多,平今,4887.0,1,2022-04-11 09:43:46
1109,rb2210,SHFE,0_0_     1597049,     2167794,空,开,4888.0,3,2022-04-11 09:43:48
1110,rb2210,SHFE,0_0_     1595742,     2170045,空,平今,4891.0,2,2022-04-11 09:44:02
1111,rb2210,SHFE,0_0_     1590399,     2171362,空,开,4895.0,4,2022-04-11 09:44:10
1112,rb2210,SHFE,0_0_     1600758,     2171703,多,平今,4894.0,2,2022-04-11 09:44:12
1113,rb2210,SHFE,0_0_     1600960,     2171802,多,平今,4894.0,1,2022-04-11 09:44:13
1114,rb2210,SHFE,0_0_     1602625,     2175630,多,平今,4894.0,1,2022-04-11 09:44:49
1115,rb2210,SHFE,0_0_     1610204,     2180925,空,开,4897.0,4,2022-04-11 09:45:09
1116,rb2210,SHFE,0_0_     1615655,     2186430,多,平今,4897.0,4,2022-04-11 09:45:47
1117,rb2210,SHFE,0_0_     1616170,     2186929,空,开,4898.0,4,2022-04-11 09:45:50
1118,rb2210,SHFE,0_0_     1616700,     2187460,多,平今,4897.000000000001,4,2022-04-11 09:45:55
1119,rb2210,SHFE,0_0_     1617376,     2187598,多,开,4897.0,4,2022-04-11 09:45:56
1120,rb2210,SHFE,0_0_     1617376,     2187606,多,开,4897.0,1,2022-04-11 09:45:56
1121,rb2210,SHFE,0_0_     1627417,     2199342,空,平今,4898.0,5,2022-04-11 09:47:18
1122,rb2210,SHFE,0_0_     1629318,     2199597,多,平今,4896.0,4,2022-04-11 09:47:20
1123,rb2210,SHFE,0_0_     1630173,     2200490,多,开,4897.0,4,2022-04-11 09:47:29
1124,rb2210,SHFE,0_0_     1630318,     2200877,多,开,4897.0,1,2022-04-11 09:47:32
1125,rb2210,SHFE,0_0_     1630722,     2201126,空,平今,4897.0,1,2022-04-11 09:47:33
1126,rb2210,SHFE,0_0_     1631239,     2202672,多,开,4895.0,1,2022-04-11 09:47:48
1127,rb2210,SHFE,0_0_     1632677,     2202833,空,平今,4896.0,2,2022-04-11 09:47:49
1128,rb2210,SHFE,0_0_     1632916,     2203355,多,开,4895.0,1,2022-04-11 09:47:52
1129,rb2210,SHFE,0_0_     1632916,     2203587,多,开,4895.0,1,2022-04-11 09:47:53
1130,rb2210,SHFE,0_0_     1634267,     2204509,多,开,4896.0,2,2022-04-11 09:47:57
1131,rb2210,SHFE,0_0_     1636192,     2206942,空,平今,4898.0,4,2022-04-11 09:48:08
1132,rb2210,SHFE,0_0_     1636234,     2207869,多,开,4897.0,4,2022-04-11 09:48:16
1133,rb2210,SHFE,0_0_     1637395,     2208019,空,平今,4898.0,4,2022-04-11 09:48:18
1134,rb2210,SHFE,0_0_     1637544,     2208077,多,开,4897.000000000001,4,2022-04-11 09:48:18
1135,rb2210,SHFE,0_0_     1637594,     2224247,空,平今,4898.0,2,2022-04-11 09:50:09
1136,rb2210,SHFE,0_0_     1637594,     2224251,空,平今,4898.0,1,2022-04-11 09:50:09
1137,rb2210,SHFE,0_0_     1655661,     2226284,多,开,4894.0,4,2022-04-11 09:50:24
1138,rb2210,SHFE,0_0_     1660295,     2230039,空,平今,4891.0,1,2022-04-11 09:50:46
1139,rb2210,SHFE,0_0_     1660295,     2230055,空,平今,4891.0,1,2022-04-11 09:50:46
1140,rb2210,SHFE,0_0_     1660295,     2230065,空,平今,4891.0,1,2022-04-11 09:50:46
1141,rb2210,SHFE,0_0_     1660295,     2230098,空,平今,4891.0,1,2022-04-11 09:50:47
1142,rb2210,SHFE,0_0_     1671454,     2241695,空,平今,4895.0,2,2022-04-11 09:52:02
1143,rb2210,SHFE,0_0_     1637594,     2243155,空,平今,4898.0,1,2022-04-11 09:52:11
1144,rb2210,SHFE,0_0_     1637594,     2243201,空,平今,4898.0,1,2022-04-11 09:52:11
1145,rb2210,SHFE,0_0_     1686909,     2254787,多,开,4894.0,3,2022-04-11 09:53:52
1146,rb2210,SHFE,0_0_     1687100,     2258067,空,平今,4895.0,1,2022-04-11 09:54:15
1147,rb2210,SHFE,0_0_     1687100,     2258123,空,平今,4895.0,1,2022-04-11 09:54:15
1148,rb2210,SHFE,0_0_     1687100,     2258169,空,平今,4895.0,1,2022-04-11 09:54:16
1149,rb2210,SHFE,0_0_     1696611,     2268112,多,开,4896.0,3,2022-04-11 09:56:08
1150,rb2210,SHFE,0_0_     1707164,     2271403,空,开,4894.0,2,2022-04-11 09:56:35
1151,rb2210,SHFE,0_0_     1713342,     2278313,空,开,4886.0,4,2022-04-11 09:57:26
1152,rb2210,SHFE,0_0_     1713343,     2279112,空,平今,4887.0,1,2022-04-11 09:57:29
1153,rb2210,SHFE,0_0_     1714379,     2279393,多,平今,4887.0,4,2022-04-11 09:57:32
1154,rb2210,SHFE,0_0_     1716269,     2282214,空,开,4889.0,3,2022-04-11 09:57:52
1155,rb2210,SHFE,0_0_     1716269,     2282215,空,开,4889.0,1,2022-04-11 09:57:52
1156,rb2210,SHFE,0_0_     1716269,     2282216,空,开,4889.0,1,2022-04-11 09:57:52
1157,rb2210,SHFE,0_0_     1721126,     2286563,多,平今,4890.0,1,2022-04-11 09:58:20
1158,rb2210,SHFE,0_0_     1721211,     2286706,空,平今,4890.0,2,2022-04-11 09:58:21
1159,rb2210,SHFE,0_0_     1725466,     2289342,多,平今,4888.0,1,2022-04-11 09:58:56
1160,rb2210,SHFE,0_0_     1725917,     2290499,空,开,4888.0,1,2022-04-11 09:59:03
1161,rb2210,SHFE,0_0_     1726727,     2290573,多,平今,4887.0,1,2022-04-11 09:59:05
1162,rb2210,SHFE,0_0_     1726851,     2290640,空,开,4888.0,2,2022-04-11 09:59:05
1163,rb2210,SHFE,0_0_     1726910,     2291266,多,平今,4887.0,2,2022-04-11 09:59:14
1164,rb2210,SHFE,0_0_     1728661,     2292435,空,开,4888.0,1,2022-04-11 09:59:25
1165,rb2210,SHFE,0_0_     1728957,     2292573,多,平今,4887.000000000001,3,2022-04-11 09:59:26
1166,rb2210,SHFE,0_0_     1729075,     2292614,多,开,4887.0,4,2022-04-11 09:59:27
1167,rb2210,SHFE,0_0_     1729662,     2293660,空,平今,4888.0,4,2022-04-11 09:59:36
1168,rb2210,SHFE,0_0_     1731993,     2296353,空,开,4886.0,3,2022-04-11 09:59:49
1169,rb2210,SHFE,0_0_     1734011,     2298294,多,平今,4885.0,4,2022-04-11 09:59:58
1170,rb2210,SHFE,0_0_     1734241,     2301940,空,开,4886.0,1,2022-04-11 10:00:02
1171,rb2210,SHFE,0_0_     1734241,     2301941,空,开,4886.0,2,2022-04-11 10:00:02
1172,rb2210,SHFE,0_0_     1734241,     2301942,空,开,4886.0,1,2022-04-11 10:00:02
1173,rb2210,SHFE,0_0_     1735337,     2302256,多,平今,4885.0,4,2022-04-11 10:00:03
1174,rb2210,SHFE,0_0_     1735544,     2302430,空,开,4886.0,4,2022-04-11 10:00:03
1175,rb2210,SHFE,0_0_     1735727,     2302640,多,平今,4885.0,4,2022-04-11 10:00:03
1176,rb2210,SHFE,0_0_     1735795,     2302839,空,开,4886.0,4,2022-04-11 10:00:04
1177,rb2210,SHFE,0_0_     1735798,     2302981,多,平今,4885.0,1,2022-04-11 10:00:04
1178,rb2210,SHFE,0_0_     1736535,     2304004,空,开,4887.0,1,2022-04-11 10:00:07
1179,rb2210,SHFE,0_0_     1737248,     2305177,空,开,4887.0,1,2022-04-11 10:00:11
1180,rb2210,SHFE,0_0_     1737558,     2305275,多,平今,4886.0,1,2022-04-11 10:00:12
1181,rb2210,SHFE,0_0_     1737558,     2305279,多,平今,4886.0,1,2022-04-11 10:00:12
1182,rb2210,SHFE,0_0_     1737558,     2305280,多,平今,4886.0,3,2022-04-11 10:00:12
1183,rb2210,SHFE,0_0_     1739207,     2310292,空,开,4885.0,1,2022-04-11 10:00:29
1184,rb2210,SHFE,0_0_     1740506,     2310713,多,开,4884.0,4,2022-04-11 10:00:30
1185,rb2210,SHFE,0_0_     1740637,     2310742,空,平今,4885.0,1,2022-04-11 10:00:30
1186,rb2210,SHFE,0_0_     1740637,     2311157,空,平今,4885.0,3,2022-04-11 10:00:32
1187,rb2210,SHFE,0_0_     1710557,     2317319,空,开,4892.0,1,2022-04-11 10:01:05
1188,rb2210,SHFE,0_0_     1746466,     2317437,多,平今,4891.0,1,2022-04-11 10:01:06
1189,rb2210,SHFE,0_0_     1750910,     2322040,空,开,4887.0,5,2022-04-11 10:01:38
1190,rb2210,SHFE,0_0_     1751269,     2322742,多,平今,4886.0,4,2022-04-11 10:01:43
1191,rb2210,SHFE,0_0_     1757765,     2327577,空,开,4885.0,1,2022-04-11 10:02:17
1192,rb2210,SHFE,0_0_     1757765,     2327578,空,开,4885.0,1,2022-04-11 10:02:17
1193,rb2210,SHFE,0_0_     1757765,     2327643,空,开,4885.0,1,2022-04-11 10:02:17
1194,rb2210,SHFE,0_0_     1757765,     2327712,空,开,4885.0,1,2022-04-11 10:02:17
1195,rb2210,SHFE,0_0_     1758970,     2329538,多,平今,4884.0,4,2022-04-11 10:02:25
1196,rb2210,SHFE,0_0_     1759238,     2330562,空,开,4884.0,1,2022-04-11 10:02:30
1197,rb2210,SHFE,0_0_     1760453,     2331256,多,平今,4882.0,2,2022-04-11 10:02:33
1198,rb2210,SHFE,0_0_     1760687,     2331943,空,开,4882.0,1,2022-04-11 10:02:36
1199,rb2210,SHFE,0_0_     1760687,     2331951,空,开,4882.0,1,2022-04-11 10:02:36
1200,rb2210,SHFE,0_0_     1760687,     2331953,空,开,4882.0,1,2022-04-11 10:02:36
1201,rb2210,SHFE,0_0_     1759238,     2335476,空,开,4884.0,1,2022-04-11 10:02:52
1202,rb2210,SHFE,0_0_     1759238,     2335749,空,开,4884.0,1,2022-04-11 10:02:53
1203,rb2210,SHFE,0_0_     1762767,     2335750,多,平今,4883.0,1,2022-04-11 10:02:53
1204,rb2210,SHFE,0_0_     1763986,     2337831,多,平今,4884.0,4,2022-04-11 10:03:02
1205,rb2210,SHFE,0_0_     1765375,     2342833,空,开,4883.0,1,2022-04-11 10:03:30
1206,rb2210,SHFE,0_0_     1765375,     2342896,空,开,4883.0,1,2022-04-11 10:03:30
1207,rb2210,SHFE,0_0_     1765375,     2342904,空,开,4883.0,2,2022-04-11 10:03:30
1208,rb2210,SHFE,0_0_     1769536,     2345222,多,平今,4881.0,4,2022-04-11 10:03:44
1209,rb2210,SHFE,0_0_     1770701,     2346967,空,开,4881.0,2,2022-04-11 10:03:51
1210,rb2210,SHFE,0_0_     1770745,     2347584,空,开,4881.0,3,2022-04-11 10:03:55
1211,rb2210,SHFE,0_0_     1771268,     2347619,多,平今,4880.0,7,2022-04-11 10:03:55
1212,rb2210,SHFE,0_0_     1771361,     2347632,空,开,4881.000000000001,7,2022-04-11 10:03:55
1213,rb2210,SHFE,0_0_     1771365,     2347666,多,平今,4880.0,7,2022-04-11 10:03:55
1214,rb2210,SHFE,0_0_     1771399,     2347706,空,开,4881.0,1,2022-04-11 10:03:56
1215,rb2210,SHFE,0_0_     1771399,     2347707,空,开,4881.0,1,2022-04-11 10:03:56
1216,rb2210,SHFE,0_0_     1771399,     2347712,空,开,4881.0,5,2022-04-11 10:03:56
1217,rb2210,SHFE,0_0_     1771449,     2348709,多,平今,4880.0,1,2022-04-11 10:04:00
1218,rb2210,SHFE,0_0_     1771449,     2348710,多,平今,4880.0,2,2022-04-11 10:04:00
1219,rb2210,SHFE,0_0_     1771449,     2348712,多,平今,4880.0,1,2022-04-11 10:04:00
1220,rb2210,SHFE,0_0_     1772260,     2350304,空,开,4881.0,1,2022-04-11 10:04:06
1221,rb2210,SHFE,0_0_     1773257,     2350499,多,平今,4880.0,5,2022-04-11 10:04:06
1222,rb2210,SHFE,0_0_     1773395,     2350924,空,开,4881.0,3,2022-04-11 10:04:09
1223,rb2210,SHFE,0_0_     1773925,     2351031,多,开,4880.0,2,2022-04-11 10:04:09
1224,rb2210,SHFE,0_0_     1773925,     2351033,多,开,4880.0,1,2022-04-11 10:04:09
1225,rb2210,SHFE,0_0_     1773925,     2351034,多,开,4880.0,1,2022-04-11 10:04:09
1226,rb2210,SHFE,0_0_     1773925,     2351036,多,开,4880.0,1,2022-04-11 10:04:09
1227,rb2210,SHFE,0_0_     1773925,     2351062,多,开,4880.0,3,2022-04-11 10:04:09
1228,rb2210,SHFE,0_0_     1774246,     2351250,空,平今,4881.0,3,2022-04-11 10:04:11
1229,rb2210,SHFE,0_0_     1774379,     2351683,空,平今,4881.0,2,2022-04-11 10:04:13
1230,rb2210,SHFE,0_0_     1774768,     2352100,多,开,4880.0,4,2022-04-11 10:04:16
1231,rb2210,SHFE,0_0_     1775146,     2352201,空,平今,4881.0,1,2022-04-11 10:04:17
1232,rb2210,SHFE,0_0_     1775146,     2352202,空,平今,4881.0,2,2022-04-11 10:04:17
