,code,exchange,orderid,tradeid,direction,offset,price,volume,datetime
0,rb2210,SHFE,0_0_         283,       36402,多,开,5070.0,8,2022-04-07 21:00:19
1,rb2210,SHFE,0_0_         319,       38463,空,平今,5071.0,2,2022-04-07 21:00:21
2,rb2210,SHFE,0_0_         587,       48374,空,平今,5074.0,3,2022-04-07 21:00:33
3,rb2210,SHFE,0_0_         998,       58927,多,平昨,5072.0,1,2022-04-07 21:00:50
4,rb2210,SHFE,0_0_        1035,       60442,空,平今,5073.0,1,2022-04-07 21:00:52
5,rb2210,SHFE,0_0_        1098,       62238,多,开,5072.0,4,2022-04-07 21:00:56
6,rb2210,SHFE,0_0_        1112,       74094,空,平今,5073.0,4,2022-04-07 21:01:13
7,rb2210,SHFE,0_0_        1596,       76784,多,开,5072.0,4,2022-04-07 21:01:17
8,rb2210,SHFE,0_0_        1600,       77004,空,平今,5073.0,2,2022-04-07 21:01:17
9,rb2210,SHFE,0_0_        1600,       77024,空,平今,5073.0,2,2022-04-07 21:01:17
10,rb2210,SHFE,0_0_        1606,       77428,多,开,5072.0,4,2022-04-07 21:01:18
11,rb2210,SHFE,0_0_        1621,       77438,空,平今,5073.0,2,2022-04-07 21:01:18
12,rb2210,SHFE,0_0_        1621,       77449,空,平今,5073.0,1,2022-04-07 21:01:18
13,rb2210,SHFE,0_0_        1621,       77452,空,平今,5073.0,1,2022-04-07 21:01:18
14,rb2210,SHFE,0_0_        1622,       77520,多,开,5072.0,4,2022-04-07 21:01:18
15,rb2210,SHFE,0_0_        1623,       77539,空,平今,5073.0,2,2022-04-07 21:01:18
16,rb2210,SHFE,0_0_        1623,       77557,空,平今,5073.0,1,2022-04-07 21:01:18
17,rb2210,SHFE,0_0_        1623,       77582,空,平今,5073.0,1,2022-04-07 21:01:18
18,rb2210,SHFE,0_0_        1624,       77608,多,开,5072.0,1,2022-04-07 21:01:18
19,rb2210,SHFE,0_0_        1624,       77618,多,开,5072.0,1,2022-04-07 21:01:18
20,rb2210,SHFE,0_0_        1624,       77620,多,开,5072.0,1,2022-04-07 21:01:18
21,rb2210,SHFE,0_0_        1624,       77622,多,开,5072.0,1,2022-04-07 21:01:18
22,rb2210,SHFE,0_0_        1627,       78064,空,平今,5073.0,4,2022-04-07 21:01:19
23,rb2210,SHFE,0_0_        1645,       78775,多,开,5072.0,4,2022-04-07 21:01:20
24,rb2210,SHFE,0_0_        1657,       78963,空,平今,5073.0,1,2022-04-07 21:01:20
25,rb2210,SHFE,0_0_        1657,       78964,空,平今,5073.0,1,2022-04-07 21:01:20
26,rb2210,SHFE,0_0_        1657,       78965,空,平今,5073.0,2,2022-04-07 21:01:20
27,rb2210,SHFE,0_0_        1661,       79190,多,开,5072.0,4,2022-04-07 21:01:20
28,rb2210,SHFE,0_0_        1664,       79245,空,平今,5073.0,1,2022-04-07 21:01:20
29,rb2210,SHFE,0_0_        1664,       79375,空,平今,5073.0,1,2022-04-07 21:01:21
30,rb2210,SHFE,0_0_        1664,       79413,空,平今,5073.0,1,2022-04-07 21:01:21
31,rb2210,SHFE,0_0_        1664,       79428,空,平今,5073.0,1,2022-04-07 21:01:21
32,rb2210,SHFE,0_0_        1674,       80252,多,开,5072.0,3,2022-04-07 21:01:22
33,rb2210,SHFE,0_0_        1687,       80606,空,平今,5073.0,3,2022-04-07 21:01:22
34,rb2210,SHFE,0_0_        1692,       81271,多,开,5072.0,3,2022-04-07 21:01:23
35,rb2210,SHFE,0_0_        1709,       81317,空,平今,5073.0,1,2022-04-07 21:01:23
36,rb2210,SHFE,0_0_        1709,       81357,空,平今,5073.0,2,2022-04-07 21:01:23
37,rb2210,SHFE,0_0_        2395,       99099,空,开,5077.0,1,2022-04-07 21:01:58
38,rb2210,SHFE,0_0_        2395,       99115,空,开,5077.0,3,2022-04-07 21:01:58
39,rb2210,SHFE,0_0_        2430,      102412,多,平昨,5076.0,1,2022-04-07 21:02:03
40,rb2210,SHFE,0_0_        2715,      105464,多,平今,5077.0,1,2022-04-07 21:02:09
41,rb2210,SHFE,0_0_        2737,      106025,空,平今,5078.0,1,2022-04-07 21:02:10
42,rb2210,SHFE,0_0_        2812,      107056,空,平今,5078.0,1,2022-04-07 21:02:12
43,rb2210,SHFE,0_0_        2814,      107393,多,平今,5077.0,1,2022-04-07 21:02:13
44,rb2210,SHFE,0_0_        2827,      107479,空,开,5078.0,1,2022-04-07 21:02:13
45,rb2210,SHFE,0_0_        2828,      107607,多,平今,5077.0,1,2022-04-07 21:02:13
46,rb2210,SHFE,0_0_        2841,      107785,多,开,5077.0,4,2022-04-07 21:02:13
47,rb2210,SHFE,0_0_        2842,      107817,空,开,5078.0,1,2022-04-07 21:02:13
48,rb2210,SHFE,0_0_        2842,      107821,空,开,5078.0,3,2022-04-07 21:02:13
49,rb2210,SHFE,0_0_        2842,      107822,空,开,5078.0,1,2022-04-07 21:02:13
50,rb2210,SHFE,0_0_        2847,      108372,多,平今,5077.0,5,2022-04-07 21:02:14
51,rb2210,SHFE,0_0_        2892,      108468,空,开,5078.0,1,2022-04-07 21:02:15
52,rb2210,SHFE,0_0_        2892,      108471,空,开,5078.0,1,2022-04-07 21:02:15
53,rb2210,SHFE,0_0_        2892,      108473,空,开,5078.0,1,2022-04-07 21:02:15
54,rb2210,SHFE,0_0_        2892,      108480,空,开,5078.0,1,2022-04-07 21:02:15
55,rb2210,SHFE,0_0_        2892,      108583,空,开,5078.0,1,2022-04-07 21:02:15
56,rb2210,SHFE,0_0_        2896,      108739,多,平今,5077.0,5,2022-04-07 21:02:15
57,rb2210,SHFE,0_0_        2912,      108752,空,开,5078.0,5,2022-04-07 21:02:15
58,rb2210,SHFE,0_0_        2913,      109251,多,平今,5077.0,2,2022-04-07 21:02:16
59,rb2210,SHFE,0_0_        2913,      109323,多,平今,5077.0,1,2022-04-07 21:02:16
60,rb2210,SHFE,0_0_        2913,      110977,多,平今,5077.0,1,2022-04-07 21:02:19
61,rb2210,SHFE,0_0_        2913,      111250,多,平今,5077.0,1,2022-04-07 21:02:19
62,rb2210,SHFE,0_0_        3459,      116159,空,平今,5076.0,3,2022-04-07 21:02:30
63,rb2210,SHFE,0_0_        3748,      119320,空,开,5075.0,2,2022-04-07 21:02:38
64,rb2210,SHFE,0_0_        3749,      120371,多,平今,5074.0,2,2022-04-07 21:02:41
65,rb2210,SHFE,0_0_        5427,      138079,空,平今,5081.0,1,2022-04-07 21:03:29
66,rb2210,SHFE,0_0_        5530,      139005,多,开,5080.0,1,2022-04-07 21:03:32
67,rb2210,SHFE,0_0_        5530,      139009,多,开,5080.0,2,2022-04-07 21:03:32
68,rb2210,SHFE,0_0_        5530,      139063,多,开,5080.0,2,2022-04-07 21:03:32
69,rb2210,SHFE,0_0_        5591,      140090,空,平今,5081.0,5,2022-04-07 21:03:35
70,rb2210,SHFE,0_0_        5709,      140149,多,开,5080.0,1,2022-04-07 21:03:35
71,rb2210,SHFE,0_0_        5709,      140167,多,开,5080.0,1,2022-04-07 21:03:35
72,rb2210,SHFE,0_0_        5709,      140171,多,开,5080.0,1,2022-04-07 21:03:35
73,rb2210,SHFE,0_0_        5709,      140178,多,开,5080.0,2,2022-04-07 21:03:35
74,rb2210,SHFE,0_0_        1710,      172907,多,开,5072.0,3,2022-04-07 21:05:08
75,rb2210,SHFE,0_0_       11365,      174627,空,平今,5072.000000000001,2,2022-04-07 21:05:10
76,rb2210,SHFE,0_0_       16809,      198913,空,平今,5075.0,3,2022-04-07 21:06:15
77,rb2210,SHFE,0_0_       18522,      204051,空,平今,5078.000000000001,3,2022-04-07 21:06:38
78,rb2210,SHFE,0_0_       18894,      204551,多,开,5077.0,3,2022-04-07 21:06:40
79,rb2210,SHFE,0_0_       19088,      204769,空,平今,5078.0,1,2022-04-07 21:06:41
80,rb2210,SHFE,0_0_       19088,      204855,空,平今,5078.0,2,2022-04-07 21:06:41
81,rb2210,SHFE,0_0_       19224,      205335,多,开,5078.0,1,2022-04-07 21:06:42
82,rb2210,SHFE,0_0_       19636,      207343,空,平今,5077.0,1,2022-04-07 21:06:50
83,rb2210,SHFE,0_0_       20355,      209054,空,开,5078.0,1,2022-04-07 21:06:58
84,rb2210,SHFE,0_0_       25111,      225997,空,开,5079.0,1,2022-04-07 21:07:59
85,rb2210,SHFE,0_0_       25111,      225999,空,开,5079.0,1,2022-04-07 21:07:59
86,rb2210,SHFE,0_0_       25111,      226018,空,开,5079.0,2,2022-04-07 21:07:59
87,rb2210,SHFE,0_0_       25194,      226374,多,平今,5078.0,4,2022-04-07 21:08:00
88,rb2210,SHFE,0_0_       20645,      226882,多,开,5077.0,2,2022-04-07 21:08:01
89,rb2210,SHFE,0_0_       25377,      231749,空,平今,5078.0,2,2022-04-07 21:08:16
90,rb2210,SHFE,0_0_       27072,      231843,多,开,5077.0,2,2022-04-07 21:08:16
91,rb2210,SHFE,0_0_       27084,      236327,空,平今,5078.0,1,2022-04-07 21:08:38
92,rb2210,SHFE,0_0_       27084,      236330,空,平今,5078.0,1,2022-04-07 21:08:38
93,rb2210,SHFE,0_0_       29065,      236342,多,开,5077.0,2,2022-04-07 21:08:38
94,rb2210,SHFE,0_0_       29076,      237460,空,平今,5078.0,2,2022-04-07 21:08:44
95,rb2210,SHFE,0_0_       25269,      238419,空,开,5079.0,4,2022-04-07 21:08:49
96,rb2210,SHFE,0_0_       30120,      238445,多,平今,5078.0,1,2022-04-07 21:08:49
97,rb2210,SHFE,0_0_       30120,      238476,多,平今,5078.0,1,2022-04-07 21:08:49
98,rb2210,SHFE,0_0_       30120,      238477,多,平今,5078.0,1,2022-04-07 21:08:49
99,rb2210,SHFE,0_0_       30120,      238482,多,平今,5078.0,1,2022-04-07 21:08:49
100,rb2210,SHFE,0_0_       30122,      238961,多,开,5078.0,1,2022-04-07 21:08:52
101,rb2210,SHFE,0_0_       30122,      238963,多,开,5078.0,1,2022-04-07 21:08:52
102,rb2210,SHFE,0_0_       30360,      239117,空,平今,5079.0,2,2022-04-07 21:08:52
103,rb2210,SHFE,0_0_       30495,      242832,多,开,5078.0,1,2022-04-07 21:09:07
104,rb2210,SHFE,0_0_       30495,      242835,多,开,5078.0,1,2022-04-07 21:09:07
105,rb2210,SHFE,0_0_       30526,      242982,多,开,5078.0,3,2022-04-07 21:09:08
106,rb2210,SHFE,0_0_       32435,      243854,空,平今,5079.0,1,2022-04-07 21:09:12
107,rb2210,SHFE,0_0_       32765,      244131,空,平今,5079.0,1,2022-04-07 21:09:13
108,rb2210,SHFE,0_0_       37608,      252029,空,开,5081.0,4,2022-04-07 21:09:54
109,rb2210,SHFE,0_0_       38785,      253572,空,平今,5082.0,1,2022-04-07 21:10:01
110,rb2210,SHFE,0_0_       40268,      256814,多,平今,5082.0,1,2022-04-07 21:10:09
111,rb2210,SHFE,0_0_       41076,      257743,多,平今,5082.0,3,2022-04-07 21:10:12
112,rb2210,SHFE,0_0_       41368,      258025,空,开,5083.0,4,2022-04-07 21:10:12
113,rb2210,SHFE,0_0_       41412,      258632,多,平今,5082.0,5,2022-04-07 21:10:14
114,rb2210,SHFE,0_0_       48045,      268073,空,平今,5082.0,1,2022-04-07 21:10:53
115,rb2210,SHFE,0_0_       48506,      268846,空,开,5082.0,2,2022-04-07 21:10:57
116,rb2210,SHFE,0_0_       54773,      277584,多,平今,5084.0,2,2022-04-07 21:11:38
117,rb2210,SHFE,0_0_       74452,      300193,空,开,5085.0,2,2022-04-07 21:13:44
118,rb2210,SHFE,0_0_       74895,      301046,空,开,5085.0,1,2022-04-07 21:13:50
119,rb2210,SHFE,0_0_       74895,      301055,空,开,5085.0,2,2022-04-07 21:13:50
120,rb2210,SHFE,0_0_       75589,      301894,空,平今,5085.0,1,2022-04-07 21:13:56
121,rb2210,SHFE,0_0_       76067,      302094,多,平今,5085.0,4,2022-04-07 21:13:57
122,rb2210,SHFE,0_0_       76124,      302616,空,开,5086.0,4,2022-04-07 21:14:00
123,rb2210,SHFE,0_0_       76694,      303574,多,开,5085.0,4,2022-04-07 21:14:04
124,rb2210,SHFE,0_0_       76694,      303610,多,开,5085.0,2,2022-04-07 21:14:04
125,rb2210,SHFE,0_0_       77446,      305952,空,平今,5086.0,1,2022-04-07 21:14:15
126,rb2210,SHFE,0_0_       77446,      305953,空,平今,5086.0,2,2022-04-07 21:14:15
127,rb2210,SHFE,0_0_       77446,      305954,空,平今,5086.0,2,2022-04-07 21:14:15
128,rb2210,SHFE,0_0_       77446,      305955,空,平今,5086.0,1,2022-04-07 21:14:15
129,rb2210,SHFE,0_0_       81976,      308703,多,平今,5086.0,2,2022-04-07 21:14:30
130,rb2210,SHFE,0_0_       81976,      308722,多,平今,5086.0,2,2022-04-07 21:14:30
131,rb2210,SHFE,0_0_       82193,      308996,多,开,5086.0,4,2022-04-07 21:14:31
132,rb2210,SHFE,0_0_       82489,      309381,多,开,5086.0,2,2022-04-07 21:14:33
133,rb2210,SHFE,0_0_       82489,      309488,多,开,5086.0,1,2022-04-07 21:14:34
134,rb2210,SHFE,0_0_       82489,      309567,多,开,5086.0,1,2022-04-07 21:14:34
135,rb2210,SHFE,0_0_       84793,      312552,空,平今,5086.0,4,2022-04-07 21:14:46
136,rb2210,SHFE,0_0_       81576,      313702,多,平今,5085.0,1,2022-04-07 21:14:51
137,rb2210,SHFE,0_0_       86804,      315653,空,开,5084.0,1,2022-04-07 21:15:01
138,rb2210,SHFE,0_0_       86804,      315656,空,开,5084.0,1,2022-04-07 21:15:01
139,rb2210,SHFE,0_0_       86804,      315702,空,开,5084.0,1,2022-04-07 21:15:01
140,rb2210,SHFE,0_0_       86804,      315725,空,开,5084.0,1,2022-04-07 21:15:01
141,rb2210,SHFE,0_0_       89276,      317709,多,平今,5084.0,6,2022-04-07 21:15:10
142,rb2210,SHFE,0_0_       89537,      317771,空,开,5084.0,4,2022-04-07 21:15:11
143,rb2210,SHFE,0_0_       89577,      318104,空,开,5084.0,4,2022-04-07 21:15:13
144,rb2210,SHFE,0_0_      104155,      334870,多,平今,5081.0,3,2022-04-07 21:16:57
145,rb2210,SHFE,0_0_      104155,      334871,多,平今,5081.0,1,2022-04-07 21:16:57
146,rb2210,SHFE,0_0_      109608,      344363,空,开,5081.0,4,2022-04-07 21:17:37
147,rb2210,SHFE,0_0_      117788,      356359,空,平今,5079.0,1,2022-04-07 21:18:32
148,rb2210,SHFE,0_0_      120386,      358368,空,平今,5079.0,2,2022-04-07 21:18:44
149,rb2210,SHFE,0_0_      130004,      369506,多,平今,5083.0,3,2022-04-07 21:20:00
150,rb2210,SHFE,0_0_      130343,      370090,多,平今,5083.0,1,2022-04-07 21:20:03
151,rb2210,SHFE,0_0_      130630,      370195,空,开,5084.0,1,2022-04-07 21:20:03
152,rb2210,SHFE,0_0_      130630,      370209,空,开,5084.0,1,2022-04-07 21:20:03
153,rb2210,SHFE,0_0_      131233,      371331,多,平今,5084.0,4,2022-04-07 21:20:09
154,rb2210,SHFE,0_0_      138943,      379880,空,开,5084.0,2,2022-04-07 21:21:00
155,rb2210,SHFE,0_0_      142146,      382814,多,开,5085.0,4,2022-04-07 21:21:16
156,rb2210,SHFE,0_0_       85908,      383145,空,平今,5086.0,1,2022-04-07 21:21:18
157,rb2210,SHFE,0_0_      142653,      383575,空,平今,5086.0,1,2022-04-07 21:21:21
158,rb2210,SHFE,0_0_      142716,      383701,多,开,5086.0,3,2022-04-07 21:21:21
159,rb2210,SHFE,0_0_      143400,      384700,空,平今,5086.0,1,2022-04-07 21:21:30
160,rb2210,SHFE,0_0_      142982,      384938,空,平今,5087.0,1,2022-04-07 21:21:32
161,rb2210,SHFE,0_0_      144024,      385450,多,开,5087.0,1,2022-04-07 21:21:34
162,rb2210,SHFE,0_0_      144024,      385451,多,开,5087.0,1,2022-04-07 21:21:34
163,rb2210,SHFE,0_0_      144024,      385458,多,开,5087.0,2,2022-04-07 21:21:34
164,rb2210,SHFE,0_0_      144469,      385980,空,平今,5087.0,1,2022-04-07 21:21:38
165,rb2210,SHFE,0_0_      147616,      389553,空,平今,5087.0,1,2022-04-07 21:22:05
166,rb2210,SHFE,0_0_      147673,      389569,空,平今,5087.0,3,2022-04-07 21:22:06
167,rb2210,SHFE,0_0_      148013,      390035,多,平今,5087.0,2,2022-04-07 21:22:09
168,rb2210,SHFE,0_0_      144064,      391356,空,平今,5088.000000000001,3,2022-04-07 21:22:14
169,rb2210,SHFE,0_0_      149377,      391801,多,开,5088.0,3,2022-04-07 21:22:16
170,rb2210,SHFE,0_0_      149443,      391889,多,开,5088.0,4,2022-04-07 21:22:16
171,rb2210,SHFE,0_0_      149500,      391914,空,平今,5088.0,2,2022-04-07 21:22:17
172,rb2210,SHFE,0_0_      149596,      392313,空,平今,5088.0,2,2022-04-07 21:22:20
173,rb2210,SHFE,0_0_      149836,      393568,空,开,5088.0,1,2022-04-07 21:22:29
174,rb2210,SHFE,0_0_      151208,      394253,多,平今,5087.0,1,2022-04-07 21:22:35
175,rb2210,SHFE,0_0_      151612,      394634,空,开,5088.0,1,2022-04-07 21:22:38
176,rb2210,SHFE,0_0_      151869,      395651,多,开,5087.0,4,2022-04-07 21:22:45
177,rb2210,SHFE,0_0_      153227,      396687,多,平今,5087.0,1,2022-04-07 21:22:54
178,rb2210,SHFE,0_0_      153227,      396738,多,平今,5087.0,1,2022-04-07 21:22:54
179,rb2210,SHFE,0_0_      149424,      398613,空,平今,5089.0,3,2022-04-07 21:23:06
180,rb2210,SHFE,0_0_      156647,      400364,空,开,5091.000000000001,1,2022-04-07 21:23:11
181,rb2210,SHFE,0_0_      156804,      400700,空,开,5091.000000000001,2,2022-04-07 21:23:11
182,rb2210,SHFE,0_0_      157200,      401262,空,开,5091.0,4,2022-04-07 21:23:14
183,rb2210,SHFE,0_0_      156914,      401407,多,平今,5090.0,3,2022-04-07 21:23:15
184,rb2210,SHFE,0_0_      155890,      401928,多,开,5089.0,4,2022-04-07 21:23:17
185,rb2210,SHFE,0_0_      157995,      402380,空,平今,5090.0,3,2022-04-07 21:23:20
186,rb2210,SHFE,0_0_      158484,      403185,多,平今,5091.0,4,2022-04-07 21:23:22
187,rb2210,SHFE,0_0_      156603,      403556,空,平今,5092.0,4,2022-04-07 21:23:24
188,rb2210,SHFE,0_0_      158911,      403706,多,开,5091.0,1,2022-04-07 21:23:25
189,rb2210,SHFE,0_0_      158911,      403712,多,开,5091.0,1,2022-04-07 21:23:25
190,rb2210,SHFE,0_0_      158911,      403715,多,开,5091.0,1,2022-04-07 21:23:25
191,rb2210,SHFE,0_0_      158911,      403716,多,开,5091.0,1,2022-04-07 21:23:25
192,rb2210,SHFE,0_0_      158951,      403790,多,开,5091.0,2,2022-04-07 21:23:25
193,rb2210,SHFE,0_0_      158995,      404147,空,平今,5092.0,4,2022-04-07 21:23:28
194,rb2210,SHFE,0_0_      159055,      404154,空,开,5092.0,4,2022-04-07 21:23:28
195,rb2210,SHFE,0_0_      159358,      404636,多,开,5091.0,5,2022-04-07 21:23:30
196,rb2210,SHFE,0_0_      159395,      404640,多,平今,5091.0,2,2022-04-07 21:23:30
197,rb2210,SHFE,0_0_      159612,      404707,空,平今,5092.0,8,2022-04-07 21:23:30
198,rb2210,SHFE,0_0_      159627,      404730,空,开,5092.0,5,2022-04-07 21:23:30
199,rb2210,SHFE,0_0_      159621,      404748,多,开,5091.0,1,2022-04-07 21:23:30
200,rb2210,SHFE,0_0_      159621,      404749,多,开,5091.0,1,2022-04-07 21:23:30
201,rb2210,SHFE,0_0_      159621,      404753,多,开,5091.0,1,2022-04-07 21:23:30
202,rb2210,SHFE,0_0_      159621,      404756,多,开,5091.0,5,2022-04-07 21:23:30
203,rb2210,SHFE,0_0_      159677,      404785,多,平今,5091.0,7,2022-04-07 21:23:31
204,rb2210,SHFE,0_0_      159666,      404949,空,平今,5092.0,1,2022-04-07 21:23:32
205,rb2210,SHFE,0_0_      159666,      404958,空,平今,5092.0,3,2022-04-07 21:23:32
206,rb2210,SHFE,0_0_      159666,      404982,空,平今,5092.0,1,2022-04-07 21:23:32
207,rb2210,SHFE,0_0_      159666,      404985,空,平今,5092.0,1,2022-04-07 21:23:32
208,rb2210,SHFE,0_0_      159666,      405017,空,平今,5092.0,2,2022-04-07 21:23:32
209,rb2210,SHFE,0_0_      159995,      405579,空,开,5091.0,2,2022-04-07 21:23:35
210,rb2210,SHFE,0_0_      159697,      405916,空,开,5092.0,4,2022-04-07 21:23:37
211,rb2210,SHFE,0_0_      161345,      407642,多,平今,5091.0,1,2022-04-07 21:23:50
212,rb2210,SHFE,0_0_      161380,      407646,多,平今,5091.0,1,2022-04-07 21:23:50
213,rb2210,SHFE,0_0_      163312,      410162,多,平今,5091.0,1,2022-04-07 21:24:06
214,rb2210,SHFE,0_0_      161493,      410176,空,开,5092.0,2,2022-04-07 21:24:06
215,rb2210,SHFE,0_0_      163338,      410262,多,平今,5091.0,1,2022-04-07 21:24:07
216,rb2210,SHFE,0_0_      163338,      410287,多,平今,5091.0,1,2022-04-07 21:24:07
217,rb2210,SHFE,0_0_      163338,      410295,多,平今,5091.0,1,2022-04-07 21:24:08
218,rb2210,SHFE,0_0_      163338,      410315,多,平今,5091.0,1,2022-04-07 21:24:08
219,rb2210,SHFE,0_0_      163542,      410434,多,开,5091.0,3,2022-04-07 21:24:09
220,rb2210,SHFE,0_0_      163637,      410465,多,开,5091.0,1,2022-04-07 21:24:09
221,rb2210,SHFE,0_0_      163637,      410466,多,开,5091.0,1,2022-04-07 21:24:09
222,rb2210,SHFE,0_0_      163637,      410467,多,开,5091.0,1,2022-04-07 21:24:09
223,rb2210,SHFE,0_0_      166332,      415489,空,平今,5091.0,4,2022-04-07 21:24:39
224,rb2210,SHFE,0_0_      167594,      417435,多,开,5090.0,1,2022-04-07 21:24:50
225,rb2210,SHFE,0_0_      167594,      417436,多,开,5090.0,3,2022-04-07 21:24:50
226,rb2210,SHFE,0_0_      169216,      417616,空,平今,5091.0,4,2022-04-07 21:24:51
227,rb2210,SHFE,0_0_      170002,      420755,多,开,5092.0,2,2022-04-07 21:25:04
228,rb2210,SHFE,0_0_      169714,      421376,多,平今,5091.0,1,2022-04-07 21:25:05
229,rb2210,SHFE,0_0_      172041,      422429,空,平今,5091.0,4,2022-04-07 21:25:09
230,rb2210,SHFE,0_0_      169307,      422552,多,开,5090.0,3,2022-04-07 21:25:10
231,rb2210,SHFE,0_0_      172249,      424380,空,平今,5091.0,3,2022-04-07 21:25:17
232,rb2210,SHFE,0_0_      172568,      425112,空,开,5091.0,2,2022-04-07 21:25:20
233,rb2210,SHFE,0_0_      172568,      425113,空,开,5091.0,2,2022-04-07 21:25:20
234,rb2210,SHFE,0_0_      174011,      426196,多,平今,5090.0,4,2022-04-07 21:25:25
235,rb2210,SHFE,0_0_      175061,      427267,空,开,5091.0,4,2022-04-07 21:25:31
236,rb2210,SHFE,0_0_      176348,      428709,多,开,5091.0,1,2022-04-07 21:25:42
237,rb2210,SHFE,0_0_      175880,      429837,多,平今,5090.0,4,2022-04-07 21:25:55
238,rb2210,SHFE,0_0_      178547,      430134,空,开,5090.0,4,2022-04-07 21:25:56
239,rb2210,SHFE,0_0_      180689,      432168,多,开,5091.0,1,2022-04-07 21:26:11
240,rb2210,SHFE,0_0_      180689,      432177,多,开,5091.0,4,2022-04-07 21:26:12
241,rb2210,SHFE,0_0_      180985,      432860,空,平今,5091.0,4,2022-04-07 21:26:16
242,rb2210,SHFE,0_0_      181417,      432958,多,开,5091.0,2,2022-04-07 21:26:17
243,rb2210,SHFE,0_0_      181417,      432959,多,开,5091.0,4,2022-04-07 21:26:17
244,rb2210,SHFE,0_0_      183561,      435946,多,平今,5093.0,1,2022-04-07 21:26:30
245,rb2210,SHFE,0_0_      184338,      436755,空,平今,5093.0,1,2022-04-07 21:26:35
246,rb2210,SHFE,0_0_      185383,      438250,多,平今,5093.0,1,2022-04-07 21:26:42
247,rb2210,SHFE,0_0_      186573,      440355,空,平今,5095.0,1,2022-04-07 21:26:52
248,rb2210,SHFE,0_0_      186780,      442883,多,开,5094.0,1,2022-04-07 21:27:05
249,rb2210,SHFE,0_0_      190615,      450049,空,平今,5096.0,4,2022-04-07 21:27:43
250,rb2210,SHFE,0_0_      194528,      450606,多,开,5095.0,1,2022-04-07 21:27:48
251,rb2210,SHFE,0_0_      194500,      450747,空,平今,5096.0,2,2022-04-07 21:27:49
252,rb2210,SHFE,0_0_      195246,      450986,多,开,5095.0,1,2022-04-07 21:27:50
253,rb2210,SHFE,0_0_      195246,      451137,多,开,5095.0,3,2022-04-07 21:27:51
254,rb2210,SHFE,0_0_      195585,      451630,多,开,5095.0,1,2022-04-07 21:27:55
255,rb2210,SHFE,0_0_      196206,      452155,空,平今,5096.0,2,2022-04-07 21:28:00
256,rb2210,SHFE,0_0_      196601,      452429,空,平今,5096.0,2,2022-04-07 21:28:01
257,rb2210,SHFE,0_0_      196602,      453017,多,开,5095.0,2,2022-04-07 21:28:04
258,rb2210,SHFE,0_0_      196742,      453042,多,开,5095.0,2,2022-04-07 21:28:04
259,rb2210,SHFE,0_0_      197148,      453144,空,平今,5095.0,1,2022-04-07 21:28:04
260,rb2210,SHFE,0_0_      197148,      453162,空,平今,5095.0,5,2022-04-07 21:28:05
261,rb2210,SHFE,0_0_      197312,      453206,多,开,5095.0,1,2022-04-07 21:28:05
262,rb2210,SHFE,0_0_      197312,      453207,多,开,5095.0,2,2022-04-07 21:28:05
263,rb2210,SHFE,0_0_      197350,      453248,多,开,5095.0,2,2022-04-07 21:28:06
264,rb2210,SHFE,0_0_      197350,      453264,多,开,5095.0,1,2022-04-07 21:28:06
265,rb2210,SHFE,0_0_      185385,      455526,多,开,5092.0,1,2022-04-07 21:28:23
266,rb2210,SHFE,0_0_      200551,      457368,空,平今,5094.0,3,2022-04-07 21:28:36
267,rb2210,SHFE,0_0_      201579,      457981,空,平今,5094.0,1,2022-04-07 21:28:38
268,rb2210,SHFE,0_0_      201934,      458213,空,开,5094.0,1,2022-04-07 21:28:40
269,rb2210,SHFE,0_0_      202271,      459703,多,开,5093.0,2,2022-04-07 21:28:53
270,rb2210,SHFE,0_0_      204536,      460849,空,平今,5094.000000000001,1,2022-04-07 21:29:00
271,rb2210,SHFE,0_0_      204536,      460854,空,平今,5094.000000000001,1,2022-04-07 21:29:00
272,rb2210,SHFE,0_0_      205112,      461709,多,平今,5094.0,1,2022-04-07 21:29:07
273,rb2210,SHFE,0_0_      197390,      464287,空,平今,5096.0,4,2022-04-07 21:29:26
274,rb2210,SHFE,0_0_      207994,      464749,多,开,5096.0,4,2022-04-07 21:29:28
275,rb2210,SHFE,0_0_      207806,      465297,多,开,5095.0,4,2022-04-07 21:29:34
276,rb2210,SHFE,0_0_      209105,      465568,空,平今,5095.0,4,2022-04-07 21:29:35
277,rb2210,SHFE,0_0_      209278,      468300,多,开,5094.0,1,2022-04-07 21:29:54
278,rb2210,SHFE,0_0_      211506,      468860,空,平今,5094.0,2,2022-04-07 21:29:58
279,rb2210,SHFE,0_0_      216660,      477422,空,开,5089.0,4,2022-04-07 21:30:23
280,rb2210,SHFE,0_0_      220561,      482277,空,平今,5093.0,3,2022-04-07 21:30:46
281,rb2210,SHFE,0_0_      222159,      482766,多,平今,5093.0,2,2022-04-07 21:30:49
282,rb2210,SHFE,0_0_      222111,      483905,多,平今,5092.0,3,2022-04-07 21:30:56
283,rb2210,SHFE,0_0_      222111,      484009,多,平今,5092.0,1,2022-04-07 21:30:57
284,rb2210,SHFE,0_0_      225253,      485382,多,开,5094.0,3,2022-04-07 21:31:03
285,rb2210,SHFE,0_0_      225652,      486647,空,平今,5094.0,2,2022-04-07 21:31:11
286,rb2210,SHFE,0_0_      227124,      488994,空,开,5094.0,3,2022-04-07 21:31:24
287,rb2210,SHFE,0_0_      229643,      489113,多,平今,5093.0,3,2022-04-07 21:31:24
288,rb2210,SHFE,0_0_      229682,      489174,空,开,5094.0,2,2022-04-07 21:31:24
289,rb2210,SHFE,0_0_      229682,      489176,空,开,5094.0,1,2022-04-07 21:31:24
290,rb2210,SHFE,0_0_      229707,      489758,多,平今,5093.0,1,2022-04-07 21:31:28
291,rb2210,SHFE,0_0_      229707,      489784,多,平今,5093.0,1,2022-04-07 21:31:29
292,rb2210,SHFE,0_0_      229707,      489877,多,平今,5093.0,1,2022-04-07 21:31:29
293,rb2210,SHFE,0_0_      230746,      490505,空,平今,5094.0,1,2022-04-07 21:31:34
294,rb2210,SHFE,0_0_      231562,      490679,多,开,5093.0,2,2022-04-07 21:31:35
295,rb2210,SHFE,0_0_      231905,      490815,空,平今,5094.0,2,2022-04-07 21:31:36
296,rb2210,SHFE,0_0_      232156,      490944,多,平今,5094.0,1,2022-04-07 21:31:36
297,rb2210,SHFE,0_0_      232277,      491584,多,开,5094.0,4,2022-04-07 21:31:42
298,rb2210,SHFE,0_0_      233563,      492917,空,平今,5095.0,1,2022-04-07 21:31:50
299,rb2210,SHFE,0_0_      236500,      494635,空,开,5095.0,5,2022-04-07 21:32:02
300,rb2210,SHFE,0_0_      236500,      494636,空,开,5095.0,3,2022-04-07 21:32:02
301,rb2210,SHFE,0_0_      236840,      495224,多,平今,5095.0,2,2022-04-07 21:32:06
302,rb2210,SHFE,0_0_      238854,      497088,多,平今,5097.0,4,2022-04-07 21:32:13
303,rb2210,SHFE,0_0_      245806,      508202,多,开,5101.0,1,2022-04-07 21:32:49
304,rb2210,SHFE,0_0_      250791,      514017,空,平今,5101.0,1,2022-04-07 21:33:13
305,rb2210,SHFE,0_0_      251047,      514417,空,平今,5101.0,1,2022-04-07 21:33:16
306,rb2210,SHFE,0_0_      251047,      514418,空,平今,5101.0,1,2022-04-07 21:33:16
307,rb2210,SHFE,0_0_      251250,      514504,多,开,5100.0,1,2022-04-07 21:33:16
308,rb2210,SHFE,0_0_      258917,      520794,空,平今,5099.0,1,2022-04-07 21:34:06
309,rb2210,SHFE,0_0_      259156,      521502,多,开,5099.0,1,2022-04-07 21:34:12
310,rb2210,SHFE,0_0_      262291,      524126,多,开,5097.0,1,2022-04-07 21:34:33
311,rb2210,SHFE,0_0_      264446,      527239,多,开,5097.0,1,2022-04-07 21:34:54
312,rb2210,SHFE,0_0_      266310,      527620,空,平今,5098.0,1,2022-04-07 21:34:59
313,rb2210,SHFE,0_0_      266908,      529517,多,开,5097.0,3,2022-04-07 21:35:09
314,rb2210,SHFE,0_0_      268068,      529742,空,平今,5098.0,3,2022-04-07 21:35:11
315,rb2210,SHFE,0_0_      238196,      530638,多,平今,5095.0,2,2022-04-07 21:35:18
316,rb2210,SHFE,0_0_      268952,      530647,空,平今,5096.0,1,2022-04-07 21:35:18
317,rb2210,SHFE,0_0_      268952,      530653,空,平今,5096.0,1,2022-04-07 21:35:18
318,rb2210,SHFE,0_0_      272899,      534556,多,开,5097.0,1,2022-04-07 21:35:45
319,rb2210,SHFE,0_0_      273105,      535336,空,平今,5098.0,1,2022-04-07 21:35:52
320,rb2210,SHFE,0_0_      275680,      536071,多,开,5098.0,1,2022-04-07 21:35:59
321,rb2210,SHFE,0_0_      276936,      536762,空,开,5099.0,2,2022-04-07 21:36:06
322,rb2210,SHFE,0_0_      284535,      541836,空,开,5094.0,4,2022-04-07 21:36:56
323,rb2210,SHFE,0_0_      284920,      542141,多,平今,5093.000000000001,4,2022-04-07 21:37:00
324,rb2210,SHFE,0_0_      293963,      547649,空,平今,5095.0,1,2022-04-07 21:38:00
325,rb2210,SHFE,0_0_      294494,      547877,多,平今,5094.0,1,2022-04-07 21:38:02
326,rb2210,SHFE,0_0_      300709,      552027,多,开,5094.0,3,2022-04-07 21:38:49
327,rb2210,SHFE,0_0_      301115,      553257,空,平今,5095.0,3,2022-04-07 21:38:53
328,rb2210,SHFE,0_0_      302177,      567599,多,开,5094.0,3,2022-04-07 21:40:18
329,rb2210,SHFE,0_0_      320399,      574313,空,开,5092.0,1,2022-04-07 21:41:00
330,rb2210,SHFE,0_0_      324198,      577694,空,开,5090.0,6,2022-04-07 21:41:28
331,rb2210,SHFE,0_0_      324370,      578010,多,平今,5089.0,4,2022-04-07 21:41:30
332,rb2210,SHFE,0_0_      324502,      581326,空,开,5090.000000000001,2,2022-04-07 21:41:49
333,rb2210,SHFE,0_0_      327475,      586724,多,平今,5089.0,1,2022-04-07 21:42:35
334,rb2210,SHFE,0_0_      327475,      586745,多,平今,5089.0,1,2022-04-07 21:42:35
335,rb2210,SHFE,0_0_      354108,      602496,多,开,5090.0,2,2022-04-07 21:45:05
336,rb2210,SHFE,0_0_      356654,      607130,多,平今,5089.0,1,2022-04-07 21:45:51
337,rb2210,SHFE,0_0_      360765,      609459,空,平今,5090.0,1,2022-04-07 21:46:13
338,rb2210,SHFE,0_0_      368626,      616897,空,平今,5092.0,1,2022-04-07 21:47:32
339,rb2210,SHFE,0_0_      383095,      627487,空,开,5092.0,2,2022-04-07 21:48:50
340,rb2210,SHFE,0_0_      364256,      643052,多,平今,5089.0,3,2022-04-07 21:51:10
341,rb2210,SHFE,0_0_      400234,      652517,空,平今,5089.0,1,2022-04-07 21:52:16
342,rb2210,SHFE,0_0_      411191,      656874,多,平今,5088.0,1,2022-04-07 21:53:03
343,rb2210,SHFE,0_0_      398312,      668084,空,开,5090.0,3,2022-04-07 21:54:56
344,rb2210,SHFE,0_0_      425420,      669029,多,平今,5089.0,1,2022-04-07 21:55:07
345,rb2210,SHFE,0_0_      423796,      673952,多,开,5088.0,2,2022-04-07 21:55:54
346,rb2210,SHFE,0_0_      431188,      673955,空,平今,5089.0,1,2022-04-07 21:55:54
347,rb2210,SHFE,0_0_      431188,      673997,空,平今,5089.0,1,2022-04-07 21:55:54
348,rb2210,SHFE,0_0_      433614,      677412,空,平今,5087.0,2,2022-04-07 21:56:19
349,rb2210,SHFE,0_0_      446524,      689514,空,平今,5087.0,1,2022-04-07 21:58:04
350,rb2210,SHFE,0_0_      454986,      695825,多,平今,5085.0,2,2022-04-07 21:59:04
351,rb2210,SHFE,0_0_      455923,      696410,多,开,5085.0,8,2022-04-07 21:59:05
352,rb2210,SHFE,0_0_      456349,      696636,空,平今,5085.0,2,2022-04-07 21:59:06
353,rb2210,SHFE,0_0_      456349,      696637,空,平今,5085.0,2,2022-04-07 21:59:06
354,rb2210,SHFE,0_0_      458106,      697959,空,平今,5084.0,1,2022-04-07 21:59:16
355,rb2210,SHFE,0_0_      458106,      697960,空,平今,5084.0,1,2022-04-07 21:59:16
356,rb2210,SHFE,0_0_      458106,      697963,空,平今,5084.0,2,2022-04-07 21:59:16
357,rb2210,SHFE,0_0_      456587,      699630,空,开,5085.0,5,2022-04-07 21:59:29
358,rb2210,SHFE,0_0_      459863,      699828,多,平今,5084.0,4,2022-04-07 21:59:33
359,rb2210,SHFE,0_0_      461157,      704264,空,开,5084.0,2,2022-04-07 22:00:02
360,rb2210,SHFE,0_0_      464297,      706842,多,开,5083.0,4,2022-04-07 22:00:15
361,rb2210,SHFE,0_0_      473129,      716908,多,平今,5081.0,1,2022-04-07 22:01:14
362,rb2210,SHFE,0_0_      481175,      721997,空,开,5080.0,2,2022-04-07 22:01:45
363,rb2210,SHFE,0_0_      483955,      725893,空,开,5076.0,1,2022-04-07 22:02:04
364,rb2210,SHFE,0_0_      484159,      726157,空,开,5076.0,1,2022-04-07 22:02:06
365,rb2210,SHFE,0_0_      487313,      729728,多,开,5077.0,4,2022-04-07 22:02:28
366,rb2210,SHFE,0_0_      487288,      733602,多,平今,5076.0,4,2022-04-07 22:03:01
367,rb2210,SHFE,0_0_      505659,      746703,空,平今,5077.0,1,2022-04-07 22:04:37
368,rb2210,SHFE,0_0_      511348,      751620,空,平今,5072.0,3,2022-04-07 22:05:05
369,rb2210,SHFE,0_0_      511348,      751626,空,平今,5072.0,1,2022-04-07 22:05:05
370,rb2210,SHFE,0_0_      512345,      752689,空,平今,5071.0,1,2022-04-07 22:05:11
371,rb2210,SHFE,0_0_      517002,      759689,空,开,5069.0,1,2022-04-07 22:05:43
372,rb2210,SHFE,0_0_      517002,      759818,空,开,5069.0,1,2022-04-07 22:05:44
373,rb2210,SHFE,0_0_      517002,      759825,空,开,5069.0,3,2022-04-07 22:05:44
374,rb2210,SHFE,0_0_      518359,      761362,多,平今,5068.0,1,2022-04-07 22:05:50
375,rb2210,SHFE,0_0_      518359,      761363,多,平今,5068.0,1,2022-04-07 22:05:50
376,rb2210,SHFE,0_0_      519384,      762495,多,平今,5068.0,4,2022-04-07 22:05:56
377,rb2210,SHFE,0_0_      520470,      762956,多,开,5068.0,4,2022-04-07 22:05:58
378,rb2210,SHFE,0_0_      520738,      763260,空,平今,5069.0,3,2022-04-07 22:05:59
379,rb2210,SHFE,0_0_      520738,      763266,空,平今,5069.0,1,2022-04-07 22:05:59
380,rb2210,SHFE,0_0_      521519,      764927,多,平今,5068.0,1,2022-04-07 22:06:01
381,rb2210,SHFE,0_0_      522468,      767422,空,开,5066.0,2,2022-04-07 22:06:04
382,rb2210,SHFE,0_0_      522468,      767427,空,开,5066.0,1,2022-04-07 22:06:04
383,rb2210,SHFE,0_0_      522468,      767435,空,开,5066.0,1,2022-04-07 22:06:04
384,rb2210,SHFE,0_0_      522468,      767439,空,开,5066.0,1,2022-04-07 22:06:05
385,rb2210,SHFE,0_0_      528053,      777722,多,平今,5061.0,1,2022-04-07 22:06:41
386,rb2210,SHFE,0_0_      526089,      779168,空,平今,5064.0,1,2022-04-07 22:06:47
387,rb2210,SHFE,0_0_      529080,      779450,多,平今,5063.0,1,2022-04-07 22:06:48
388,rb2210,SHFE,0_0_      529349,      781412,空,开,5064.0,1,2022-04-07 22:06:54
389,rb2210,SHFE,0_0_      536095,      789244,多,平今,5066.0,1,2022-04-07 22:07:36
390,rb2210,SHFE,0_0_      521522,      794183,空,平今,5069.0,1,2022-04-07 22:07:59
391,rb2210,SHFE,0_0_      539727,      794270,多,开,5068.0,1,2022-04-07 22:07:59
392,rb2210,SHFE,0_0_      546228,      803757,空,平今,5070.0,1,2022-04-07 22:08:39
393,rb2210,SHFE,0_0_      560905,      823628,多,开,5069.0,2,2022-04-07 22:10:44
394,rb2210,SHFE,0_0_      560905,      823654,多,开,5069.0,2,2022-04-07 22:10:45
395,rb2210,SHFE,0_0_      572336,      829058,多,开,5073.0,4,2022-04-07 22:11:15
396,rb2210,SHFE,0_0_      573209,      829121,空,平今,5074.0,1,2022-04-07 22:11:15
397,rb2210,SHFE,0_0_      573209,      829128,空,平今,5074.0,1,2022-04-07 22:11:15
398,rb2210,SHFE,0_0_      573209,      829131,空,平今,5074.0,1,2022-04-07 22:11:15
399,rb2210,SHFE,0_0_      573209,      829158,空,平今,5074.0,1,2022-04-07 22:11:15
400,rb2210,SHFE,0_0_      573328,      829179,多,平今,5073.0,4,2022-04-07 22:11:15
401,rb2210,SHFE,0_0_      573341,      829303,空,平今,5074.0,4,2022-04-07 22:11:15
402,rb2210,SHFE,0_0_      575141,      831154,空,开,5074.0,3,2022-04-07 22:11:28
403,rb2210,SHFE,0_0_      575443,      831712,多,平今,5073.0,3,2022-04-07 22:11:33
404,rb2210,SHFE,0_0_      576166,      868624,空,开,5074.0,3,2022-04-07 22:16:52
405,rb2210,SHFE,0_0_      624046,      871697,多,开,5076.0,3,2022-04-07 22:17:12
406,rb2210,SHFE,0_0_      624463,      871702,空,平今,5077.0,1,2022-04-07 22:17:12
407,rb2210,SHFE,0_0_      624463,      871706,空,平今,5077.0,2,2022-04-07 22:17:12
408,rb2210,SHFE,0_0_      624988,      872751,多,开,5078.0,1,2022-04-07 22:17:19
409,rb2210,SHFE,0_0_      624988,      872753,多,开,5078.0,1,2022-04-07 22:17:19
410,rb2210,SHFE,0_0_      624988,      872754,多,开,5078.0,2,2022-04-07 22:17:19
411,rb2210,SHFE,0_0_      624988,      872755,多,开,5078.0,1,2022-04-07 22:17:19
412,rb2210,SHFE,0_0_      624988,      872790,多,开,5078.0,1,2022-04-07 22:17:19
413,rb2210,SHFE,0_0_      624988,      872810,多,开,5078.0,1,2022-04-07 22:17:19
414,rb2210,SHFE,0_0_      624988,      872813,多,开,5078.0,1,2022-04-07 22:17:19
415,rb2210,SHFE,0_0_      626388,      874498,空,平今,5076.0,2,2022-04-07 22:17:26
416,rb2210,SHFE,0_0_      629420,      876405,空,平今,5076.0,1,2022-04-07 22:17:48
417,rb2210,SHFE,0_0_      648100,      900410,多,开,5078.0,3,2022-04-07 22:20:57
418,rb2210,SHFE,0_0_      660100,      907685,空,平今,5077.0,1,2022-04-07 22:22:00
419,rb2210,SHFE,0_0_      660100,      907739,空,平今,5077.0,3,2022-04-07 22:22:02
420,rb2210,SHFE,0_0_      622082,      915449,多,平今,5073.0,3,2022-04-07 22:23:08
421,rb2210,SHFE,0_0_      678771,      923957,空,开,5071.0,4,2022-04-07 22:24:45
422,rb2210,SHFE,0_0_      689158,      932894,多,平今,5073.0,2,2022-04-07 22:26:22
423,rb2210,SHFE,0_0_      694304,      935123,空,开,5072.0,2,2022-04-07 22:26:58
424,rb2210,SHFE,0_0_      693874,      937858,空,开,5073.0,4,2022-04-07 22:27:21
425,rb2210,SHFE,0_0_      697195,      938839,多,平今,5073.0,4,2022-04-07 22:27:28
426,rb2210,SHFE,0_0_      697132,      942893,多,平今,5072.0,1,2022-04-07 22:28:22
427,rb2210,SHFE,0_0_      697132,      942904,多,平今,5072.0,3,2022-04-07 22:28:22
428,rb2210,SHFE,0_0_      719866,      955131,空,平今,5079.0,1,2022-04-07 22:30:59
429,rb2210,SHFE,0_0_      720055,      955363,多,开,5080.0,1,2022-04-07 22:31:01
430,rb2210,SHFE,0_0_      720058,      955579,空,平今,5081.0,1,2022-04-07 22:31:02
431,rb2210,SHFE,0_0_      724806,      961028,空,开,5082.000000000001,4,2022-04-07 22:31:51
432,rb2210,SHFE,0_0_      724806,      961029,空,开,5082.000000000001,1,2022-04-07 22:31:51
433,rb2210,SHFE,0_0_      724806,      961030,空,开,5082.000000000001,2,2022-04-07 22:31:51
434,rb2210,SHFE,0_0_      727396,      963618,多,平今,5085.0,3,2022-04-07 22:32:08
435,rb2210,SHFE,0_0_      727396,      963619,多,平今,5085.0,1,2022-04-07 22:32:08
436,rb2210,SHFE,0_0_      727665,      963929,空,平今,5085.0,1,2022-04-07 22:32:10
437,rb2210,SHFE,0_0_      728765,      965137,多,开,5085.0,3,2022-04-07 22:32:24
438,rb2210,SHFE,0_0_      728765,      965138,多,开,5085.0,1,2022-04-07 22:32:24
439,rb2210,SHFE,0_0_      728772,      965315,空,平今,5086.0,4,2022-04-07 22:32:25
440,rb2210,SHFE,0_0_      728887,      966135,多,开,5085.0,1,2022-04-07 22:32:33
441,rb2210,SHFE,0_0_      728887,      966143,多,开,5085.0,2,2022-04-07 22:32:34
442,rb2210,SHFE,0_0_      728887,      966158,多,开,5085.0,1,2022-04-07 22:32:34
443,rb2210,SHFE,0_0_      730628,      967151,多,平今,5085.0,3,2022-04-07 22:32:43
444,rb2210,SHFE,0_0_      732269,      968603,空,平今,5086.0,4,2022-04-07 22:33:00
445,rb2210,SHFE,0_0_      732567,      969307,空,平今,5086.0,1,2022-04-07 22:33:07
446,rb2210,SHFE,0_0_      732979,      969310,多,开,5085.000000000001,1,2022-04-07 22:33:07
447,rb2210,SHFE,0_0_      733612,      970581,多,开,5084.0,2,2022-04-07 22:33:26
448,rb2210,SHFE,0_0_      733612,      970591,多,开,5084.0,2,2022-04-07 22:33:27
449,rb2210,SHFE,0_0_      736123,      971583,空,平今,5084.0,1,2022-04-07 22:33:45
450,rb2210,SHFE,0_0_      736136,      971971,多,开,5083.0,1,2022-04-07 22:33:49
451,rb2210,SHFE,0_0_      738060,      974248,多,开,5083.0,1,2022-04-07 22:34:06
452,rb2210,SHFE,0_0_      738060,      974264,多,开,5083.0,1,2022-04-07 22:34:06
453,rb2210,SHFE,0_0_      738015,      974277,空,开,5084.0,7,2022-04-07 22:34:06
454,rb2210,SHFE,0_0_      732985,      975140,空,平今,5086.0,1,2022-04-07 22:34:15
455,rb2210,SHFE,0_0_      741082,      976791,多,平今,5086.0,1,2022-04-07 22:34:38
456,rb2210,SHFE,0_0_      741082,      976818,多,平今,5086.0,3,2022-04-07 22:34:38
457,rb2210,SHFE,0_0_      741647,      977455,空,平今,5087.0,4,2022-04-07 22:34:46
458,rb2210,SHFE,0_0_      741905,      977605,多,开,5086.0,4,2022-04-07 22:34:47
459,rb2210,SHFE,0_0_      741976,      977635,空,平今,5087.0,4,2022-04-07 22:34:48
460,rb2210,SHFE,0_0_      741990,      977680,多,开,5086.0,3,2022-04-07 22:34:48
461,rb2210,SHFE,0_0_      741990,      977733,多,开,5086.0,2,2022-04-07 22:34:48
462,rb2210,SHFE,0_0_      742030,      977753,空,平今,5087.0,4,2022-04-07 22:34:49
463,rb2210,SHFE,0_0_      742041,      978638,多,开,5086.0,1,2022-04-07 22:35:00
464,rb2210,SHFE,0_0_      742041,      978646,多,开,5086.0,3,2022-04-07 22:35:00
465,rb2210,SHFE,0_0_      742666,      978749,空,平今,5087.0,4,2022-04-07 22:35:01
466,rb2210,SHFE,0_0_      745295,      980951,空,平今,5085.0,1,2022-04-07 22:35:28
467,rb2210,SHFE,0_0_      745796,      992399,多,开,5085.0,1,2022-04-07 22:36:26
468,rb2210,SHFE,0_0_      745796,      992425,多,开,5085.0,3,2022-04-07 22:36:26
469,rb2210,SHFE,0_0_      753448,      993454,空,平今,5086.0,4,2022-04-07 22:36:32
470,rb2210,SHFE,0_0_      755169,      994214,多,开,5085.0,1,2022-04-07 22:36:36
471,rb2210,SHFE,0_0_      755169,      994282,多,开,5085.0,1,2022-04-07 22:36:37
472,rb2210,SHFE,0_0_      755169,      994291,多,开,5085.0,1,2022-04-07 22:36:37
473,rb2210,SHFE,0_0_      755169,      994302,多,开,5085.0,1,2022-04-07 22:36:37
474,rb2210,SHFE,0_0_      751081,      997920,空,平今,5087.0,1,2022-04-07 22:37:12
475,rb2210,SHFE,0_0_      751081,      997921,空,平今,5087.0,1,2022-04-07 22:37:12
476,rb2210,SHFE,0_0_      759429,      999745,多,开,5086.0,2,2022-04-07 22:37:31
477,rb2210,SHFE,0_0_      760987,     1000572,空,平今,5087.0,1,2022-04-07 22:37:42
478,rb2210,SHFE,0_0_      760987,     1000574,空,平今,5087.0,1,2022-04-07 22:37:42
479,rb2210,SHFE,0_0_      762828,     1000928,空,平今,5087.0,4,2022-04-07 22:37:47
480,rb2210,SHFE,0_0_      760492,     1002579,空,平今,5088.0,1,2022-04-07 22:38:02
481,rb2210,SHFE,0_0_      764891,     1002598,多,开,5087.0,1,2022-04-07 22:38:03
482,rb2210,SHFE,0_0_      762913,     1002752,多,开,5086.0,1,2022-04-07 22:38:04
483,rb2210,SHFE,0_0_      762913,     1002757,多,开,5086.0,3,2022-04-07 22:38:04
484,rb2210,SHFE,0_0_      764119,     1002795,多,平今,5086.0,1,2022-04-07 22:38:04
485,rb2210,SHFE,0_0_      738318,     1004873,多,平今,5084.0,2,2022-04-07 22:38:26
486,rb2210,SHFE,0_0_      767452,     1005063,空,平今,5084.0,3,2022-04-07 22:38:27
487,rb2210,SHFE,0_0_      767452,     1005067,空,平今,5084.0,1,2022-04-07 22:38:27
488,rb2210,SHFE,0_0_      767739,     1005356,空,开,5084.0,2,2022-04-07 22:38:32
489,rb2210,SHFE,0_0_      765582,     1013423,空,平今,5086.0,1,2022-04-07 22:40:05
490,rb2210,SHFE,0_0_      777745,     1014596,空,开,5086.0,1,2022-04-07 22:40:16
491,rb2210,SHFE,0_0_      777745,     1014601,空,开,5086.0,3,2022-04-07 22:40:16
492,rb2210,SHFE,0_0_      778129,     1014643,多,平今,5085.0,4,2022-04-07 22:40:17
493,rb2210,SHFE,0_0_      776343,     1017219,多,开,5082.0,4,2022-04-07 22:40:44
494,rb2210,SHFE,0_0_      781160,     1017255,空,平今,5083.0,2,2022-04-07 22:40:45
495,rb2210,SHFE,0_0_      781160,     1017262,空,平今,5083.0,1,2022-04-07 22:40:45
496,rb2210,SHFE,0_0_      781160,     1017366,空,平今,5083.0,1,2022-04-07 22:40:46
497,rb2210,SHFE,0_0_      813391,     1047667,多,平今,5083.0,1,2022-04-07 22:45:23
498,rb2210,SHFE,0_0_      800861,     1074175,多,平今,5075.0,1,2022-04-07 22:49:28
499,rb2210,SHFE,0_0_      842286,     1074797,空,开,5077.0,1,2022-04-07 22:49:34
500,rb2210,SHFE,0_0_      842286,     1074821,空,开,5077.0,1,2022-04-07 22:49:35
501,rb2210,SHFE,0_0_      842286,     1075059,空,开,5077.0,1,2022-04-07 22:49:36
502,rb2210,SHFE,0_0_      843704,     1075663,多,平今,5076.0,1,2022-04-07 22:49:46
503,rb2210,SHFE,0_0_      844705,     1076343,多,开,5076.0,4,2022-04-07 22:49:54
504,rb2210,SHFE,0_0_      846374,     1077500,多,平今,5075.0,1,2022-04-07 22:50:04
505,rb2210,SHFE,0_0_      846374,     1077501,多,平今,5075.0,1,2022-04-07 22:50:04
506,rb2210,SHFE,0_0_      847216,     1079729,多,开,5075.000000000001,3,2022-04-07 22:50:19
507,rb2210,SHFE,0_0_      848073,     1080239,空,平今,5076.0,1,2022-04-07 22:50:22
508,rb2210,SHFE,0_0_      848073,     1080318,空,平今,5076.0,2,2022-04-07 22:50:23
509,rb2210,SHFE,0_0_      848708,     1080340,多,开,5075.0,1,2022-04-07 22:50:23
510,rb2210,SHFE,0_0_      849639,     1081893,空,开,5075.0,1,2022-04-07 22:50:32
511,rb2210,SHFE,0_0_      849639,     1081894,空,开,5075.0,1,2022-04-07 22:50:32
512,rb2210,SHFE,0_0_      849639,     1081895,空,开,5075.0,1,2022-04-07 22:50:32
513,rb2210,SHFE,0_0_      849639,     1081896,空,开,5075.0,1,2022-04-07 22:50:32
514,rb2210,SHFE,0_0_      854578,     1087937,空,平今,5071.0,1,2022-04-07 22:51:09
515,rb2210,SHFE,0_0_      855095,     1088407,多,平今,5070.0,3,2022-04-07 22:51:11
516,rb2210,SHFE,0_0_      857763,     1090881,多,开,5072.0,3,2022-04-07 22:51:30
517,rb2210,SHFE,0_0_      857763,     1090979,多,开,5072.0,1,2022-04-07 22:51:31
518,rb2210,SHFE,0_0_      859213,     1092438,空,平今,5073.0,1,2022-04-07 22:51:49
519,rb2210,SHFE,0_0_      876368,     1107616,空,平今,5067.000000000001,2,2022-04-07 22:53:56
520,rb2210,SHFE,0_0_      881489,     1113411,空,平今,5064.0,1,2022-04-07 22:54:35
521,rb2210,SHFE,0_0_      881489,     1113430,空,平今,5064.0,1,2022-04-07 22:54:35
522,rb2210,SHFE,0_0_      881703,     1113557,多,开,5063.0,2,2022-04-07 22:54:36
523,rb2210,SHFE,0_0_      881984,     1113952,空,开,5062.0,3,2022-04-07 22:54:39
524,rb2210,SHFE,0_0_      881984,     1113957,空,开,5062.0,1,2022-04-07 22:54:39
525,rb2210,SHFE,0_0_      881984,     1113958,空,开,5062.0,2,2022-04-07 22:54:39
526,rb2210,SHFE,0_0_      881984,     1113962,空,开,5062.0,1,2022-04-07 22:54:39
527,rb2210,SHFE,0_0_      882684,     1116468,多,平今,5058.0,1,2022-04-07 22:54:45
528,rb2210,SHFE,0_0_      882684,     1116470,多,平今,5058.0,1,2022-04-07 22:54:45
529,rb2210,SHFE,0_0_      882684,     1116471,多,平今,5058.0,1,2022-04-07 22:54:45
530,rb2210,SHFE,0_0_      882684,     1116473,多,平今,5058.0,1,2022-04-07 22:54:45
531,rb2210,SHFE,0_0_      883096,     1116948,多,平今,5058.0,2,2022-04-07 22:54:50
532,rb2210,SHFE,0_0_      883096,     1116953,多,平今,5058.0,1,2022-04-07 22:54:50
533,rb2210,SHFE,0_0_      883096,     1116967,多,平今,5058.0,1,2022-04-07 22:54:50
534,rb2210,SHFE,0_0_      885249,     1119838,多,开,5057.0,1,2022-04-07 22:55:04
535,rb2210,SHFE,0_0_      886177,     1121202,空,开,5055.0,1,2022-04-07 22:55:13
536,rb2210,SHFE,0_0_      886177,     1121203,空,开,5055.0,5,2022-04-07 22:55:13
537,rb2210,SHFE,0_0_      886177,     1121219,空,开,5055.0,1,2022-04-07 22:55:13
538,rb2210,SHFE,0_0_      886177,     1121221,空,开,5055.0,1,2022-04-07 22:55:13
539,rb2210,SHFE,0_0_      887635,     1125012,多,平今,5052.0,1,2022-04-07 22:55:24
540,rb2210,SHFE,0_0_      887635,     1125015,多,平今,5052.0,1,2022-04-07 22:55:24
541,rb2210,SHFE,0_0_      887635,     1125023,多,平今,5052.0,1,2022-04-07 22:55:24
542,rb2210,SHFE,0_0_      887635,     1125026,多,平今,5052.0,1,2022-04-07 22:55:24
543,rb2210,SHFE,0_0_      887635,     1125070,多,平今,5052.0,1,2022-04-07 22:55:24
544,rb2210,SHFE,0_0_      887635,     1125079,多,平今,5052.0,1,2022-04-07 22:55:24
545,rb2210,SHFE,0_0_      888339,     1125834,多,平今,5053.0,2,2022-04-07 22:55:28
546,rb2210,SHFE,0_0_      888398,     1126072,空,平今,5054.0,2,2022-04-07 22:55:29
547,rb2210,SHFE,0_0_      888564,     1126272,多,开,5053.0,1,2022-04-07 22:55:30
548,rb2210,SHFE,0_0_      888564,     1126295,多,开,5053.0,1,2022-04-07 22:55:30
549,rb2210,SHFE,0_0_      888694,     1126393,空,平今,5054.0,2,2022-04-07 22:55:31
550,rb2210,SHFE,0_0_      889472,     1127471,空,开,5055.0,6,2022-04-07 22:55:37
551,rb2210,SHFE,0_0_      890381,     1128597,空,平今,5055.0,1,2022-04-07 22:55:45
552,rb2210,SHFE,0_0_      888729,     1128993,多,开,5053.0,2,2022-04-07 22:55:47
553,rb2210,SHFE,0_0_      890756,     1129244,空,平今,5054.0,2,2022-04-07 22:55:49
554,rb2210,SHFE,0_0_      890756,     1129251,空,平今,5054.0,1,2022-04-07 22:55:49
555,rb2210,SHFE,0_0_      890756,     1129274,空,平今,5054.0,1,2022-04-07 22:55:50
556,rb2210,SHFE,0_0_      891046,     1129608,多,平今,5053.0,3,2022-04-07 22:55:53
557,rb2210,SHFE,0_0_      891323,     1129863,空,开,5054.0,3,2022-04-07 22:55:55
558,rb2210,SHFE,0_0_      891611,     1130193,多,平今,5053.0,3,2022-04-07 22:55:58
559,rb2210,SHFE,0_0_      892059,     1130331,空,开,5054.0,3,2022-04-07 22:55:59
560,rb2210,SHFE,0_0_      892121,     1130525,多,平今,5053.0,3,2022-04-07 22:55:59
561,rb2210,SHFE,0_0_      892121,     1130556,多,平今,5053.0,1,2022-04-07 22:56:00
562,rb2210,SHFE,0_0_      892121,     1130565,多,平今,5053.0,1,2022-04-07 22:56:00
563,rb2210,SHFE,0_0_      892180,     1130806,空,开,5054.0,1,2022-04-07 22:56:02
564,rb2210,SHFE,0_0_      892180,     1130812,空,开,5054.0,1,2022-04-07 22:56:02
565,rb2210,SHFE,0_0_      892473,     1130956,空,开,5053.0,1,2022-04-07 22:56:02
566,rb2210,SHFE,0_0_      892653,     1131182,多,平今,5052.0,4,2022-04-07 22:56:04
567,rb2210,SHFE,0_0_      892715,     1132016,空,开,5053.0,1,2022-04-07 22:56:07
568,rb2210,SHFE,0_0_      892715,     1132039,空,开,5053.0,1,2022-04-07 22:56:07
569,rb2210,SHFE,0_0_      893234,     1132072,多,平今,5052.0,1,2022-04-07 22:56:08
570,rb2210,SHFE,0_0_      893234,     1132160,多,平今,5052.0,1,2022-04-07 22:56:08
571,rb2210,SHFE,0_0_      894800,     1134108,多,开,5055.0,3,2022-04-07 22:56:20
572,rb2210,SHFE,0_0_      896676,     1135354,空,开,5055.0,8,2022-04-07 22:56:31
573,rb2210,SHFE,0_0_      896762,     1135462,多,平今,5054.0,4,2022-04-07 22:56:32
574,rb2210,SHFE,0_0_      896951,     1135794,多,平今,5054.0,4,2022-04-07 22:56:36
575,rb2210,SHFE,0_0_      897204,     1136258,空,开,5055.0,3,2022-04-07 22:56:41
576,rb2210,SHFE,0_0_      897204,     1136259,空,开,5055.0,1,2022-04-07 22:56:41
577,rb2210,SHFE,0_0_      897375,     1136352,多,平今,5054.0,1,2022-04-07 22:56:41
578,rb2210,SHFE,0_0_      897375,     1136381,多,平今,5054.0,1,2022-04-07 22:56:42
579,rb2210,SHFE,0_0_      897375,     1136390,多,平今,5054.0,1,2022-04-07 22:56:42
580,rb2210,SHFE,0_0_      897375,     1136400,多,平今,5054.0,1,2022-04-07 22:56:42
581,rb2210,SHFE,0_0_      897455,     1136888,空,平今,5055.0,1,2022-04-07 22:56:47
582,rb2210,SHFE,0_0_      897455,     1136897,空,平今,5055.0,1,2022-04-07 22:56:47
583,rb2210,SHFE,0_0_      897455,     1136898,空,平今,5055.0,1,2022-04-07 22:56:47
584,rb2210,SHFE,0_0_      898029,     1136965,多,开,5054.0,3,2022-04-07 22:56:48
585,rb2210,SHFE,0_0_      898128,     1137904,空,平今,5055.0,3,2022-04-07 22:56:57
586,rb2210,SHFE,0_0_      899154,     1138061,空,开,5055.0,7,2022-04-07 22:56:58
587,rb2210,SHFE,0_0_      899159,     1138081,多,平今,5054.0,7,2022-04-07 22:56:59
588,rb2210,SHFE,0_0_      899166,     1138341,空,开,5055.0,7,2022-04-07 22:57:00
589,rb2210,SHFE,0_0_      899433,     1138437,多,平今,5054.0,1,2022-04-07 22:57:00
590,rb2210,SHFE,0_0_      899433,     1138438,多,平今,5054.0,2,2022-04-07 22:57:00
591,rb2210,SHFE,0_0_      899433,     1138451,多,平今,5054.0,1,2022-04-07 22:57:00
592,rb2210,SHFE,0_0_      899433,     1138453,多,平今,5054.0,1,2022-04-07 22:57:00
593,rb2210,SHFE,0_0_      899433,     1138456,多,平今,5054.0,2,2022-04-07 22:57:00
594,rb2210,SHFE,0_0_      902985,     1143205,空,开,5050.000000000001,1,2022-04-07 22:57:23
595,rb2210,SHFE,0_0_      904461,     1145356,空,平今,5048.0,1,2022-04-07 22:57:33
596,rb2210,SHFE,0_0_      904872,     1145861,多,平今,5048.0,1,2022-04-07 22:57:36
597,rb2210,SHFE,0_0_      905897,     1147050,空,开,5049.0,1,2022-04-07 22:57:45
598,rb2210,SHFE,0_0_      906896,     1150425,多,开,5049.0,3,2022-04-07 22:58:05
599,rb2210,SHFE,0_0_      908177,     1150478,空,平今,5050.0,1,2022-04-07 22:58:05
600,rb2210,SHFE,0_0_      908177,     1150479,空,平今,5050.0,1,2022-04-07 22:58:05
601,rb2210,SHFE,0_0_      908177,     1150480,空,平今,5050.0,1,2022-04-07 22:58:05
602,rb2210,SHFE,0_0_      908527,     1150905,多,开,5048.0,4,2022-04-07 22:58:08
603,rb2210,SHFE,0_0_      909261,     1152508,空,平今,5047.0,1,2022-04-07 22:58:14
604,rb2210,SHFE,0_0_      909261,     1152509,空,平今,5047.0,1,2022-04-07 22:58:14
605,rb2210,SHFE,0_0_      909261,     1152529,空,平今,5047.0,1,2022-04-07 22:58:15
606,rb2210,SHFE,0_0_      909666,     1152636,多,平今,5046.0,1,2022-04-07 22:58:16
607,rb2210,SHFE,0_0_      909808,     1152990,空,平今,5047.0,1,2022-04-07 22:58:19
608,rb2210,SHFE,0_0_      910334,     1153525,多,开,5046.0,1,2022-04-07 22:58:22
609,rb2210,SHFE,0_0_      910923,     1153745,空,平今,5047.0,1,2022-04-07 22:58:23
610,rb2210,SHFE,0_0_      911148,     1153914,多,开,5046.0,1,2022-04-07 22:58:24
611,rb2210,SHFE,0_0_      914382,     1157219,多,开,5051.0,7,2022-04-07 22:58:52
612,rb2210,SHFE,0_0_      915172,     1158139,空,平今,5052.0,6,2022-04-07 22:58:59
613,rb2210,SHFE,0_0_     1313546,     1441399,多,开,5050.0,1,2022-04-08 09:00:15
614,rb2210,SHFE,0_0_     1313620,     1442443,空,平今,5050.0,1,2022-04-08 09:00:17
615,rb2210,SHFE,0_0_     1313687,     1443515,空,开,5050.0,3,2022-04-08 09:00:19
616,rb2210,SHFE,0_0_     1314279,     1454369,空,开,5050.000000000001,4,2022-04-08 09:00:54
617,rb2210,SHFE,0_0_     1314806,     1454945,多,平今,5050.0,1,2022-04-08 09:00:56
618,rb2210,SHFE,0_0_     1315360,     1462416,空,平今,5055.0,2,2022-04-08 09:01:18
619,rb2210,SHFE,0_0_     1315808,     1468611,多,平今,5057.0,2,2022-04-08 09:01:43
620,rb2210,SHFE,0_0_     1314773,     1480929,多,平今,5049.0,4,2022-04-08 09:02:31
621,rb2210,SHFE,0_0_     1318118,     1494188,多,开,5048.0,2,2022-04-08 09:03:25
622,rb2210,SHFE,0_0_     1318157,     1495128,多,开,5048.0,2,2022-04-08 09:03:31
623,rb2210,SHFE,0_0_     1318370,     1495905,空,平今,5048.0,2,2022-04-08 09:03:34
624,rb2210,SHFE,0_0_     1321187,     1507741,多,开,5037.0,2,2022-04-08 09:04:27
625,rb2210,SHFE,0_0_     1321938,     1512054,空,开,5036.0,7,2022-04-08 09:04:38
626,rb2210,SHFE,0_0_     1321938,     1512066,空,开,5036.0,1,2022-04-08 09:04:38
627,rb2210,SHFE,0_0_     1322468,     1514269,多,平今,5037.0,3,2022-04-08 09:04:48
628,rb2210,SHFE,0_0_     1322468,     1514270,多,平今,5037.0,5,2022-04-08 09:04:48
629,rb2210,SHFE,0_0_     1322585,     1514702,空,开,5038.0,2,2022-04-08 09:04:50
630,rb2210,SHFE,0_0_     1322618,     1514840,空,开,5038.0,4,2022-04-08 09:04:50
631,rb2210,SHFE,0_0_     1322653,     1515049,多,平今,5037.0,1,2022-04-08 09:04:51
632,rb2210,SHFE,0_0_     1322653,     1515051,多,平今,5037.0,3,2022-04-08 09:04:51
633,rb2210,SHFE,0_0_     1322714,     1515058,空,开,5038.0,1,2022-04-08 09:04:51
634,rb2210,SHFE,0_0_     1322714,     1515068,空,开,5038.0,1,2022-04-08 09:04:51
635,rb2210,SHFE,0_0_     1322714,     1515076,空,开,5038.0,2,2022-04-08 09:04:51
636,rb2210,SHFE,0_0_     1322715,     1515370,多,平今,5037.0,1,2022-04-08 09:04:53
637,rb2210,SHFE,0_0_     1322715,     1515378,多,平今,5037.0,1,2022-04-08 09:04:53
638,rb2210,SHFE,0_0_     1322715,     1515388,多,平今,5037.0,2,2022-04-08 09:04:53
639,rb2210,SHFE,0_0_     1322822,     1516156,空,开,5038.0,2,2022-04-08 09:04:58
640,rb2210,SHFE,0_0_     1321369,     1516224,空,平今,5039.0,1,2022-04-08 09:04:58
641,rb2210,SHFE,0_0_     1321369,     1516297,空,平今,5039.0,3,2022-04-08 09:04:58
642,rb2210,SHFE,0_0_     1326688,     1523096,空,开,5036.0,2,2022-04-08 09:05:21
643,rb2210,SHFE,0_0_     1327883,     1526900,多,开,5029.0,2,2022-04-08 09:05:29
644,rb2210,SHFE,0_0_     1327883,     1526901,多,开,5029.0,5,2022-04-08 09:05:29
645,rb2210,SHFE,0_0_     1327883,     1526902,多,开,5029.0,1,2022-04-08 09:05:29
646,rb2210,SHFE,0_0_     1328390,     1529117,多,平今,5028.0,1,2022-04-08 09:05:34
647,rb2210,SHFE,0_0_     1328590,     1529916,空,平今,5030.0,1,2022-04-08 09:05:36
648,rb2210,SHFE,0_0_     1328590,     1529935,空,平今,5030.0,1,2022-04-08 09:05:36
649,rb2210,SHFE,0_0_     1328590,     1529975,空,平今,5030.0,1,2022-04-08 09:05:36
650,rb2210,SHFE,0_0_     1328590,     1529978,空,平今,5030.0,1,2022-04-08 09:05:36
651,rb2210,SHFE,0_0_     1328590,     1529985,空,平今,5030.0,2,2022-04-08 09:05:36
652,rb2210,SHFE,0_0_     1328952,     1530534,多,平今,5028.0,3,2022-04-08 09:05:38
653,rb2210,SHFE,0_0_     1329013,     1530643,空,平今,5029.0,1,2022-04-08 09:05:39
654,rb2210,SHFE,0_0_     1329117,     1530858,多,开,5029.0,4,2022-04-08 09:05:39
655,rb2210,SHFE,0_0_     1329118,     1533318,空,平今,5030.0,4,2022-04-08 09:05:47
656,rb2210,SHFE,0_0_     1330166,     1533441,多,开,5029.0,4,2022-04-08 09:05:48
657,rb2210,SHFE,0_0_     1333561,     1544064,空,平今,5037.0,1,2022-04-08 09:06:26
658,rb2210,SHFE,0_0_     1334468,     1544480,多,平今,5038.0,1,2022-04-08 09:06:28
659,rb2210,SHFE,0_0_     1334874,     1545460,空,平今,5039.0,3,2022-04-08 09:06:35
660,rb2210,SHFE,0_0_     1335513,     1546377,空,开,5039.0,2,2022-04-08 09:06:40
661,rb2210,SHFE,0_0_     1335649,     1547148,空,开,5039.0,2,2022-04-08 09:06:44
662,rb2210,SHFE,0_0_     1335649,     1547163,空,开,5039.0,1,2022-04-08 09:06:44
663,rb2210,SHFE,0_0_     1335649,     1547168,空,开,5039.0,1,2022-04-08 09:06:44
664,rb2210,SHFE,0_0_     1336109,     1548383,多,平今,5039.0,4,2022-04-08 09:06:49
665,rb2210,SHFE,0_0_     1336582,     1548558,空,开,5039.000000000001,1,2022-04-08 09:06:51
666,rb2210,SHFE,0_0_     1336582,     1548564,空,开,5039.000000000001,1,2022-04-08 09:06:51
667,rb2210,SHFE,0_0_     1336582,     1548565,空,开,5039.000000000001,1,2022-04-08 09:06:51
668,rb2210,SHFE,0_0_     1336582,     1548566,空,开,5039.000000000001,1,2022-04-08 09:06:51
669,rb2210,SHFE,0_0_     1338112,     1551656,多,平今,5039.0,3,2022-04-08 09:07:09
670,rb2210,SHFE,0_0_     1338421,     1552071,多,平今,5040.0,4,2022-04-08 09:07:11
671,rb2210,SHFE,0_0_     1338794,     1552664,空,平今,5040.000000000001,1,2022-04-08 09:07:14
672,rb2210,SHFE,0_0_     1339283,     1553537,多,开,5040.0,1,2022-04-08 09:07:18
673,rb2210,SHFE,0_0_     1339283,     1553538,多,开,5040.0,3,2022-04-08 09:07:18
674,rb2210,SHFE,0_0_     1339798,     1554520,空,平今,5040.0,1,2022-04-08 09:07:24
675,rb2210,SHFE,0_0_     1340076,     1555007,空,平今,5040.0,2,2022-04-08 09:07:26
676,rb2210,SHFE,0_0_     1340219,     1556115,空,开,5040.0,2,2022-04-08 09:07:31
677,rb2210,SHFE,0_0_     1340919,     1557589,空,开,5040.0,1,2022-04-08 09:07:38
678,rb2210,SHFE,0_0_     1340919,     1557625,空,开,5040.0,1,2022-04-08 09:07:38
679,rb2210,SHFE,0_0_     1340919,     1557635,空,开,5040.0,2,2022-04-08 09:07:38
680,rb2210,SHFE,0_0_     1341235,     1557966,多,平今,5039.0,1,2022-04-08 09:07:41
681,rb2210,SHFE,0_0_     1342824,     1560791,多,平今,5036.0,3,2022-04-08 09:07:58
682,rb2210,SHFE,0_0_     1342824,     1560794,多,平今,5036.0,1,2022-04-08 09:07:58
683,rb2210,SHFE,0_0_     1348631,     1570207,多,开,5041.0,2,2022-04-08 09:09:00
684,rb2210,SHFE,0_0_     1348631,     1570248,多,开,5041.0,2,2022-04-08 09:09:00
685,rb2210,SHFE,0_0_     1354273,     1576714,多,平今,5045.0,1,2022-04-08 09:09:52
686,rb2210,SHFE,0_0_     1354361,     1576876,空,平今,5045.0,2,2022-04-08 09:09:53
687,rb2210,SHFE,0_0_     1354402,     1577000,空,开,5046.0,4,2022-04-08 09:09:54
688,rb2210,SHFE,0_0_     1354421,     1577217,空,开,5046.0,4,2022-04-08 09:09:56
689,rb2210,SHFE,0_0_     1354422,     1577248,多,平今,5045.0,3,2022-04-08 09:09:56
690,rb2210,SHFE,0_0_     1354532,     1577475,多,平今,5045.0,3,2022-04-08 09:09:58
691,rb2210,SHFE,0_0_     1354719,     1577634,空,开,5045.0,5,2022-04-08 09:09:59
692,rb2210,SHFE,0_0_     1354719,     1577647,空,开,5045.0,1,2022-04-08 09:09:59
693,rb2210,SHFE,0_0_     1354872,     1578391,多,平今,5046.0,3,2022-04-08 09:10:03
694,rb2210,SHFE,0_0_     1356013,     1579724,多,开,5047.0,1,2022-04-08 09:10:11
695,rb2210,SHFE,0_0_     1354823,     1596343,多,平今,5045.0,1,2022-04-08 09:11:59
696,rb2210,SHFE,0_0_     1370833,     1597271,空,平今,5045.0,1,2022-04-08 09:12:05
697,rb2210,SHFE,0_0_     1354757,     1598094,多,平今,5044.0,4,2022-04-08 09:12:11
698,rb2210,SHFE,0_0_     1372525,     1599044,多,开,5044.0,2,2022-04-08 09:12:18
699,rb2210,SHFE,0_0_     1378189,     1605764,空,平今,5051.0,3,2022-04-08 09:13:01
700,rb2210,SHFE,0_0_     1382143,     1609515,空,开,5047.0,3,2022-04-08 09:13:27
701,rb2210,SHFE,0_0_     1382143,     1609559,空,开,5047.0,1,2022-04-08 09:13:27
702,rb2210,SHFE,0_0_     1373504,     1610645,多,开,5045.0,1,2022-04-08 09:13:40
703,rb2210,SHFE,0_0_     1383093,     1611478,空,开,5047.0,3,2022-04-08 09:13:51
704,rb2210,SHFE,0_0_     1387184,     1613619,多,平今,5047.0,1,2022-04-08 09:14:11
705,rb2210,SHFE,0_0_     1387184,     1613644,多,平今,5047.0,1,2022-04-08 09:14:11
706,rb2210,SHFE,0_0_     1388199,     1614259,多,平今,5048.0,1,2022-04-08 09:14:18
707,rb2210,SHFE,0_0_     1388199,     1614271,多,平今,5048.0,1,2022-04-08 09:14:18
708,rb2210,SHFE,0_0_     1388199,     1614272,多,平今,5048.0,2,2022-04-08 09:14:18
709,rb2210,SHFE,0_0_     1380849,     1614654,空,平今,5049.0,1,2022-04-08 09:14:22
710,rb2210,SHFE,0_0_     1389002,     1614797,多,开,5048.0,6,2022-04-08 09:14:23
711,rb2210,SHFE,0_0_     1389212,     1615792,多,平今,5048.0,1,2022-04-08 09:14:31
712,rb2210,SHFE,0_0_     1390414,     1616093,空,平今,5049.0,2,2022-04-08 09:14:34
713,rb2210,SHFE,0_0_     1392408,     1619000,空,平今,5049.0,1,2022-04-08 09:15:01
714,rb2210,SHFE,0_0_     1392408,     1619046,空,平今,5049.0,1,2022-04-08 09:15:01
715,rb2210,SHFE,0_0_     1392408,     1619052,空,平今,5049.0,1,2022-04-08 09:15:01
716,rb2210,SHFE,0_0_     1392408,     1619233,空,平今,5049.0,1,2022-04-08 09:15:03
717,rb2210,SHFE,0_0_     1394644,     1619237,多,开,5048.0,1,2022-04-08 09:15:03
718,rb2210,SHFE,0_0_     1394657,     1619428,空,平今,5049.0,1,2022-04-08 09:15:05
719,rb2210,SHFE,0_0_     1394920,     1621883,多,开,5048.0,1,2022-04-08 09:15:22
720,rb2210,SHFE,0_0_     1394952,     1623387,多,开,5048.0,1,2022-04-08 09:15:38
721,rb2210,SHFE,0_0_     1394952,     1623430,多,开,5048.0,2,2022-04-08 09:15:38
722,rb2210,SHFE,0_0_     1394952,     1623452,多,开,5048.0,1,2022-04-08 09:15:38
723,rb2210,SHFE,0_0_     1399544,     1623936,空,平今,5049.0,3,2022-04-08 09:15:41
724,rb2210,SHFE,0_0_     1399866,     1623947,多,开,5048.0,3,2022-04-08 09:15:41
725,rb2210,SHFE,0_0_     1406656,     1630921,空,开,5046.0,6,2022-04-08 09:16:37
726,rb2210,SHFE,0_0_     1406656,     1630922,空,开,5046.0,2,2022-04-08 09:16:37
727,rb2210,SHFE,0_0_     1408621,     1632311,多,平今,5045.0,1,2022-04-08 09:16:50
728,rb2210,SHFE,0_0_     1408621,     1632333,多,平今,5045.0,1,2022-04-08 09:16:51
729,rb2210,SHFE,0_0_     1408801,     1632581,多,平今,5045.0,1,2022-04-08 09:16:55
730,rb2210,SHFE,0_0_     1408801,     1632585,多,平今,5045.0,1,2022-04-08 09:16:55
731,rb2210,SHFE,0_0_     1409264,     1633100,多,平今,5045.0,2,2022-04-08 09:16:59
732,rb2210,SHFE,0_0_     1409603,     1633179,空,开,5046.0,1,2022-04-08 09:16:59
733,rb2210,SHFE,0_0_     1409603,     1633180,空,开,5046.0,2,2022-04-08 09:16:59
734,rb2210,SHFE,0_0_     1409603,     1633181,空,开,5046.0,1,2022-04-08 09:16:59
735,rb2210,SHFE,0_0_     1409740,     1634002,多,平今,5046.0,2,2022-04-08 09:17:02
736,rb2210,SHFE,0_0_     1424408,     1648863,空,平今,5044.0,1,2022-04-08 09:19:04
737,rb2210,SHFE,0_0_     1428659,     1652871,空,开,5046.0,1,2022-04-08 09:19:43
738,rb2210,SHFE,0_0_     1428659,     1652873,空,开,5046.0,2,2022-04-08 09:19:44
739,rb2210,SHFE,0_0_     1399869,     1654911,空,平今,5049.0,1,2022-04-08 09:19:59
740,rb2210,SHFE,0_0_     1399869,     1654989,空,平今,5049.0,2,2022-04-08 09:20:00
741,rb2210,SHFE,0_0_     1400590,     1655304,空,平今,5049.0,1,2022-04-08 09:20:01
742,rb2210,SHFE,0_0_     1400590,     1655330,空,平今,5049.0,1,2022-04-08 09:20:01
743,rb2210,SHFE,0_0_     1431945,     1656080,多,平今,5048.0,2,2022-04-08 09:20:07
744,rb2210,SHFE,0_0_     1432105,     1656227,多,开,5048.0,3,2022-04-08 09:20:08
745,rb2210,SHFE,0_0_     1432893,     1656815,多,开,5048.0,3,2022-04-08 09:20:13
746,rb2210,SHFE,0_0_     1433601,     1657463,多,平今,5049.0,1,2022-04-08 09:20:18
747,rb2210,SHFE,0_0_     1437525,     1662841,空,平今,5051.0,1,2022-04-08 09:20:51
748,rb2210,SHFE,0_0_     1437525,     1662876,空,平今,5051.0,1,2022-04-08 09:20:52
749,rb2210,SHFE,0_0_     1437525,     1662878,空,平今,5051.0,1,2022-04-08 09:20:52
750,rb2210,SHFE,0_0_     1437525,     1662882,空,平今,5051.0,1,2022-04-08 09:20:52
751,rb2210,SHFE,0_0_     1438381,     1663041,多,开,5050.0,3,2022-04-08 09:20:53
752,rb2210,SHFE,0_0_     1438508,     1664080,空,平今,5051.0,1,2022-04-08 09:21:00
753,rb2210,SHFE,0_0_     1438508,     1664082,空,平今,5051.0,1,2022-04-08 09:21:00
754,rb2210,SHFE,0_0_     1438508,     1664091,空,平今,5051.0,1,2022-04-08 09:21:00
755,rb2210,SHFE,0_0_     1439216,     1664265,多,开,5050.0,1,2022-04-08 09:21:01
756,rb2210,SHFE,0_0_     1439216,     1664267,多,开,5050.0,2,2022-04-08 09:21:01
757,rb2210,SHFE,0_0_     1446701,     1671343,空,开,5046.0,1,2022-04-08 09:21:45
758,rb2210,SHFE,0_0_     1446701,     1671379,空,开,5046.0,3,2022-04-08 09:21:46
759,rb2210,SHFE,0_0_     1449009,     1673552,多,平今,5045.0,1,2022-04-08 09:22:04
760,rb2210,SHFE,0_0_     1450568,     1674363,多,平今,5044.0,4,2022-04-08 09:22:11
761,rb2210,SHFE,0_0_     1450905,     1674639,空,平今,5045.0,1,2022-04-08 09:22:14
762,rb2210,SHFE,0_0_     1450946,     1674730,多,平今,5045.0,3,2022-04-08 09:22:15
763,rb2210,SHFE,0_0_     1450996,     1674986,空,开,5046.0,2,2022-04-08 09:22:18
764,rb2210,SHFE,0_0_     1457434,     1681787,空,开,5045.0,2,2022-04-08 09:23:22
765,rb2210,SHFE,0_0_     1457434,     1681790,空,开,5045.0,2,2022-04-08 09:23:22
766,rb2210,SHFE,0_0_     1459303,     1682869,空,平今,5045.0,1,2022-04-08 09:23:30
767,rb2210,SHFE,0_0_     1460446,     1683322,多,平今,5044.000000000001,4,2022-04-08 09:23:34
768,rb2210,SHFE,0_0_     1460766,     1683912,多,平今,5044.0,1,2022-04-08 09:23:41
769,rb2210,SHFE,0_0_     1462452,     1684406,空,开,5045.0,3,2022-04-08 09:23:47
770,rb2210,SHFE,0_0_     1462452,     1684432,空,开,5045.0,1,2022-04-08 09:23:47
771,rb2210,SHFE,0_0_     1462632,     1687565,多,平今,5044.0,1,2022-04-08 09:24:14
772,rb2210,SHFE,0_0_     1466407,     1687820,空,开,5045.0,1,2022-04-08 09:24:17
773,rb2210,SHFE,0_0_     1467516,     1688252,多,平今,5046.000000000001,1,2022-04-08 09:24:21
774,rb2210,SHFE,0_0_     1467740,     1689090,空,开,5047.0,1,2022-04-08 09:24:30
775,rb2210,SHFE,0_0_     1469050,     1690565,多,平今,5046.0,4,2022-04-08 09:24:44
776,rb2210,SHFE,0_0_     1473847,     1693263,多,开,5046.0,3,2022-04-08 09:25:08
777,rb2210,SHFE,0_0_     1480415,     1699278,空,平今,5040.0,7,2022-04-08 09:25:55
778,rb2210,SHFE,0_0_     1490500,     1708900,多,平今,5039.0,1,2022-04-08 09:27:15
779,rb2210,SHFE,0_0_     1490584,     1713628,空,开,5040.0,1,2022-04-08 09:27:55
780,rb2210,SHFE,0_0_     1495288,     1714928,多,平今,5040.0,1,2022-04-08 09:28:06
781,rb2210,SHFE,0_0_     1495527,     1714936,多,开,5040.0,1,2022-04-08 09:28:06
782,rb2210,SHFE,0_0_     1496010,     1716212,空,开,5041.0,2,2022-04-08 09:28:16
783,rb2210,SHFE,0_0_     1499200,     1718420,多,开,5044.0,3,2022-04-08 09:28:43
784,rb2210,SHFE,0_0_     1507391,     1728589,多,平今,5042.0,2,2022-04-08 09:30:21
785,rb2210,SHFE,0_0_     1509934,     1729639,空,平今,5044.0,3,2022-04-08 09:30:34
786,rb2210,SHFE,0_0_     1512630,     1730196,空,开,5044.0,4,2022-04-08 09:30:40
787,rb2210,SHFE,0_0_     1513871,     1730805,空,平今,5044.0,1,2022-04-08 09:30:46
788,rb2210,SHFE,0_0_     1517416,     1734296,空,开,5049.0,1,2022-04-08 09:31:17
789,rb2210,SHFE,0_0_     1517717,     1734707,多,平今,5048.0,1,2022-04-08 09:31:22
790,rb2210,SHFE,0_0_     1517827,     1734761,空,开,5049.0,1,2022-04-08 09:31:23
791,rb2210,SHFE,0_0_     1517947,     1735169,多,平今,5048.0,1,2022-04-08 09:31:29
792,rb2210,SHFE,0_0_     1519380,     1736090,多,平今,5047.0,2,2022-04-08 09:31:38
793,rb2210,SHFE,0_0_     1520456,     1736583,多,开,5047.0,2,2022-04-08 09:31:44
794,rb2210,SHFE,0_0_     1522709,     1738903,空,开,5051.0,1,2022-04-08 09:32:01
795,rb2210,SHFE,0_0_     1522709,     1738904,空,开,5051.0,2,2022-04-08 09:32:01
796,rb2210,SHFE,0_0_     1524033,     1740217,多,开,5053.0,1,2022-04-08 09:32:09
797,rb2210,SHFE,0_0_     1524033,     1740218,多,开,5053.0,1,2022-04-08 09:32:09
798,rb2210,SHFE,0_0_     1524033,     1740219,多,开,5053.0,4,2022-04-08 09:32:09
799,rb2210,SHFE,0_0_     1524904,     1741516,空,平今,5055.0,1,2022-04-08 09:32:13
800,rb2210,SHFE,0_0_     1524904,     1741517,空,平今,5055.0,1,2022-04-08 09:32:13
801,rb2210,SHFE,0_0_     1524904,     1741519,空,平今,5055.0,1,2022-04-08 09:32:13
802,rb2210,SHFE,0_0_     1524904,     1741520,空,平今,5055.0,1,2022-04-08 09:32:13
803,rb2210,SHFE,0_0_     1524904,     1741524,空,平今,5055.0,1,2022-04-08 09:32:13
804,rb2210,SHFE,0_0_     1524904,     1741525,空,平今,5055.0,1,2022-04-08 09:32:13
805,rb2210,SHFE,0_0_     1525167,     1741999,空,平今,5055.0,2,2022-04-08 09:32:15
806,rb2210,SHFE,0_0_     1525257,     1742148,空,开,5055.0,1,2022-04-08 09:32:16
807,rb2210,SHFE,0_0_     1522940,     1743623,多,平今,5051.0,1,2022-04-08 09:32:28
808,rb2210,SHFE,0_0_     1526822,     1743782,空,开,5052.0,1,2022-04-08 09:32:29
809,rb2210,SHFE,0_0_     1526876,     1744221,多,平今,5051.0,1,2022-04-08 09:32:33
810,rb2210,SHFE,0_0_     1526877,     1744223,多,平今,5051.0,4,2022-04-08 09:32:33
811,rb2210,SHFE,0_0_     1527301,     1744344,空,开,5052.000000000001,5,2022-04-08 09:32:33
812,rb2210,SHFE,0_0_     1528002,     1745283,多,开,5052.0,8,2022-04-08 09:32:43
813,rb2210,SHFE,0_0_     1529089,     1746412,多,平今,5051.0,1,2022-04-08 09:32:57
814,rb2210,SHFE,0_0_     1529764,     1747304,空,平今,5051.0,2,2022-04-08 09:33:09
815,rb2210,SHFE,0_0_     1529764,     1747311,空,平今,5051.0,1,2022-04-08 09:33:10
816,rb2210,SHFE,0_0_     1539158,     1756701,多,开,5057.0,1,2022-04-08 09:34:35
817,rb2210,SHFE,0_0_     1539158,     1756711,多,开,5057.0,1,2022-04-08 09:34:35
818,rb2210,SHFE,0_0_     1539158,     1756712,多,开,5057.0,1,2022-04-08 09:34:35
819,rb2210,SHFE,0_0_     1539498,     1756909,空,平今,5058.0,1,2022-04-08 09:34:37
820,rb2210,SHFE,0_0_     1539685,     1757573,空,平今,5058.0,1,2022-04-08 09:34:40
821,rb2210,SHFE,0_0_     1539685,     1757576,空,平今,5058.0,1,2022-04-08 09:34:40
822,rb2210,SHFE,0_0_     1539685,     1757613,空,平今,5058.0,2,2022-04-08 09:34:41
823,rb2210,SHFE,0_0_     1540268,     1757660,多,平今,5057.0,1,2022-04-08 09:34:41
824,rb2210,SHFE,0_0_     1540342,     1757734,多,开,5057.0,1,2022-04-08 09:34:42
825,rb2210,SHFE,0_0_     1540476,     1757848,多,开,5057.0,1,2022-04-08 09:34:43
826,rb2210,SHFE,0_0_     1540476,     1757851,多,开,5057.0,3,2022-04-08 09:34:43
827,rb2210,SHFE,0_0_     1556714,     1774907,空,平今,5051.0,3,2022-04-08 09:37:16
828,rb2210,SHFE,0_0_     1575453,     1791814,空,平今,5052.0,1,2022-04-08 09:40:21
829,rb2210,SHFE,0_0_     1582710,     1798505,多,平今,5055.0,4,2022-04-08 09:41:27
830,rb2210,SHFE,0_0_     1583660,     1799847,多,开,5056.0,1,2022-04-08 09:41:37
831,rb2210,SHFE,0_0_     1540977,     1800183,空,平今,5058.0,2,2022-04-08 09:41:39
832,rb2210,SHFE,0_0_     1584071,     1800435,多,开,5057.0,1,2022-04-08 09:41:41
833,rb2210,SHFE,0_0_     1584071,     1800496,多,开,5057.0,1,2022-04-08 09:41:42
834,rb2210,SHFE,0_0_     1584072,     1800525,多,开,5057.0,1,2022-04-08 09:41:42
835,rb2210,SHFE,0_0_     1584318,     1800665,空,平今,5058.0,2,2022-04-08 09:41:43
836,rb2210,SHFE,0_0_     1584407,     1800667,空,平今,5058.0,1,2022-04-08 09:41:43
837,rb2210,SHFE,0_0_     1584407,     1800668,空,平今,5058.0,1,2022-04-08 09:41:43
838,rb2210,SHFE,0_0_     1592211,     1811855,多,开,5056.0,4,2022-04-08 09:42:53
839,rb2210,SHFE,0_0_     1592241,     1811956,空,平今,5057.0,1,2022-04-08 09:42:53
840,rb2210,SHFE,0_0_     1592241,     1811974,空,平今,5057.0,2,2022-04-08 09:42:53
841,rb2210,SHFE,0_0_     1592241,     1812111,空,平今,5057.0,1,2022-04-08 09:42:54
842,rb2210,SHFE,0_0_     1593542,     1815659,多,开,5058.0,2,2022-04-08 09:43:14
843,rb2210,SHFE,0_0_     1593542,     1815660,多,开,5058.0,1,2022-04-08 09:43:14
844,rb2210,SHFE,0_0_     1593542,     1815663,多,开,5058.0,1,2022-04-08 09:43:14
845,rb2210,SHFE,0_0_     1592468,     1820968,多,开,5056.0,2,2022-04-08 09:43:48
846,rb2210,SHFE,0_0_     1599117,     1821325,空,平今,5057.000000000001,2,2022-04-08 09:43:52
847,rb2210,SHFE,0_0_     1599414,     1821334,空,平今,5057.000000000001,2,2022-04-08 09:43:52
848,rb2210,SHFE,0_0_     1599516,     1826941,多,开,5056.0,1,2022-04-08 09:44:27
849,rb2210,SHFE,0_0_     1599516,     1827165,多,开,5056.0,1,2022-04-08 09:44:29
850,rb2210,SHFE,0_0_     1599516,     1827297,多,开,5056.0,1,2022-04-08 09:44:29
851,rb2210,SHFE,0_0_     1599516,     1827389,多,开,5056.0,1,2022-04-08 09:44:30
852,rb2210,SHFE,0_0_     1604738,     1828280,空,平今,5057.0,4,2022-04-08 09:44:34
853,rb2210,SHFE,0_0_     1605212,     1828283,多,开,5056.0,1,2022-04-08 09:44:34
854,rb2210,SHFE,0_0_     1605212,     1828384,多,开,5056.0,3,2022-04-08 09:44:35
855,rb2210,SHFE,0_0_     1605299,     1828624,空,平今,5057.0,3,2022-04-08 09:44:37
856,rb2210,SHFE,0_0_     1605595,     1828979,空,平今,5057.0,4,2022-04-08 09:44:39
857,rb2210,SHFE,0_0_     1606053,     1829157,多,开,5057.0,1,2022-04-08 09:44:41
858,rb2210,SHFE,0_0_     1606338,     1829473,多,开,5057.0,3,2022-04-08 09:44:44
859,rb2210,SHFE,0_0_     1606713,     1829696,多,开,5057.0,2,2022-04-08 09:44:46
860,rb2210,SHFE,0_0_     1604043,     1829981,空,开,5058.0,4,2022-04-08 09:44:47
861,rb2210,SHFE,0_0_     1606975,     1830246,多,平今,5057.0,2,2022-04-08 09:44:49
862,rb2210,SHFE,0_0_     1607151,     1830349,空,平今,5058.0,2,2022-04-08 09:44:50
863,rb2210,SHFE,0_0_     1596051,     1831276,空,平今,5059.0,1,2022-04-08 09:44:57
864,rb2210,SHFE,0_0_     1608704,     1831532,多,开,5058.0,1,2022-04-08 09:44:59
865,rb2210,SHFE,0_0_     1608704,     1831692,多,开,5058.0,3,2022-04-08 09:45:00
866,rb2210,SHFE,0_0_     1612155,     1835925,空,平今,5062.0,1,2022-04-08 09:45:24
867,rb2210,SHFE,0_0_     1612158,     1836669,多,开,5061.0,1,2022-04-08 09:45:28
868,rb2210,SHFE,0_0_     1612639,     1836721,空,平今,5062.0,1,2022-04-08 09:45:28
869,rb2210,SHFE,0_0_     1615355,     1840223,空,平今,5062.0,4,2022-04-08 09:45:54
870,rb2210,SHFE,0_0_     1615691,     1841142,多,开,5062.0,4,2022-04-08 09:46:02
871,rb2210,SHFE,0_0_     1616293,     1841264,空,平今,5062.0,7,2022-04-08 09:46:03
872,rb2210,SHFE,0_0_     1616787,     1842062,空,开,5061.0,1,2022-04-08 09:46:09
873,rb2210,SHFE,0_0_     1617179,     1842830,空,开,5061.0,1,2022-04-08 09:46:15
874,rb2210,SHFE,0_0_     1620542,     1846724,多,平今,5059.0,1,2022-04-08 09:46:58
875,rb2210,SHFE,0_0_     1607314,     1847489,多,平今,5057.0,2,2022-04-08 09:47:05
876,rb2210,SHFE,0_0_     1621139,     1848426,空,开,5058.0,5,2022-04-08 09:47:14
877,rb2210,SHFE,0_0_     1622445,     1849327,多,平今,5058.0,1,2022-04-08 09:47:25
878,rb2210,SHFE,0_0_     1622445,     1849338,多,平今,5058.0,3,2022-04-08 09:47:25
879,rb2210,SHFE,0_0_     1634000,     1858561,多,平今,5057.0,2,2022-04-08 09:49:02
880,rb2210,SHFE,0_0_     1640727,     1867748,空,开,5047.0,1,2022-04-08 09:50:06
881,rb2210,SHFE,0_0_     1640727,     1867754,空,开,5047.0,1,2022-04-08 09:50:06
882,rb2210,SHFE,0_0_     1640727,     1867755,空,开,5047.0,1,2022-04-08 09:50:06
883,rb2210,SHFE,0_0_     1640727,     1867782,空,开,5047.0,1,2022-04-08 09:50:06
884,rb2210,SHFE,0_0_     1641202,     1867851,多,平今,5046.0,1,2022-04-08 09:50:07
885,rb2210,SHFE,0_0_     1648207,     1875184,多,平今,5048.0,2,2022-04-08 09:51:12
886,rb2210,SHFE,0_0_     1665528,     1894396,多,开,5048.0,4,2022-04-08 09:54:38
887,rb2210,SHFE,0_0_     1668375,     1895191,空,平今,5048.0,1,2022-04-08 09:54:46
888,rb2210,SHFE,0_0_     1668375,     1895195,空,平今,5048.0,1,2022-04-08 09:54:46
889,rb2210,SHFE,0_0_     1657146,     1902554,多,平今,5045.0,1,2022-04-08 09:56:44
890,rb2210,SHFE,0_0_     1675823,     1905733,空,开,5049.0,1,2022-04-08 09:57:27
891,rb2210,SHFE,0_0_     1675823,     1905839,空,开,5049.0,1,2022-04-08 09:57:29
892,rb2210,SHFE,0_0_     1675823,     1905889,空,开,5049.0,1,2022-04-08 09:57:30
893,rb2210,SHFE,0_0_     1675823,     1906069,空,开,5049.0,1,2022-04-08 09:57:32
894,rb2210,SHFE,0_0_     1691574,     1917808,多,平今,5037.0,4,2022-04-08 09:59:43
895,rb2210,SHFE,0_0_     1691602,     1918367,多,开,5037.0,1,2022-04-08 09:59:45
896,rb2210,SHFE,0_0_     1691602,     1918377,多,开,5037.0,1,2022-04-08 09:59:45
897,rb2210,SHFE,0_0_     1694578,     1924039,空,平今,5039.0,2,2022-04-08 10:00:09
898,rb2210,SHFE,0_0_     1695700,     1924329,多,开,5038.0,3,2022-04-08 10:00:10
899,rb2210,SHFE,0_0_     1689852,     1932107,空,平今,5041.0,1,2022-04-08 10:01:18
900,rb2210,SHFE,0_0_     1703174,     1943377,多,开,5040.0,1,2022-04-08 10:03:08
901,rb2210,SHFE,0_0_     1703438,     1943411,多,开,5040.0,2,2022-04-08 10:03:09
902,rb2210,SHFE,0_0_     1716148,     1943482,空,平今,5040.0,3,2022-04-08 10:03:09
903,rb2210,SHFE,0_0_     1716427,     1945562,空,平今,5040.0,1,2022-04-08 10:03:27
904,rb2210,SHFE,0_0_     1717583,     1945905,空,开,5040.0,4,2022-04-08 10:03:28
905,rb2210,SHFE,0_0_     1717630,     1945977,多,平今,5039.0,1,2022-04-08 10:03:29
906,rb2210,SHFE,0_0_     1717708,     1946691,空,开,5039.0,2,2022-04-08 10:03:35
907,rb2210,SHFE,0_0_     1728530,     1956067,多,平今,5036.0,5,2022-04-08 10:05:08
908,rb2210,SHFE,0_0_     1730628,     1957553,空,开,5038.000000000001,1,2022-04-08 10:05:25
909,rb2210,SHFE,0_0_     1730628,     1957570,空,开,5038.000000000001,1,2022-04-08 10:05:25
910,rb2210,SHFE,0_0_     1730628,     1957601,空,开,5038.000000000001,1,2022-04-08 10:05:26
911,rb2210,SHFE,0_0_     1734550,     1960823,空,开,5033.0,4,2022-04-08 10:06:06
912,rb2210,SHFE,0_0_     1741901,     1971520,多,平今,5030.0,5,2022-04-08 10:06:59
913,rb2210,SHFE,0_0_     1741901,     1971522,多,平今,5030.0,2,2022-04-08 10:06:59
914,rb2210,SHFE,0_0_     1749012,     1978954,空,开,5031.0,4,2022-04-08 10:07:57
915,rb2210,SHFE,0_0_     1749859,     1979698,多,平今,5031.0,1,2022-04-08 10:08:04
916,rb2210,SHFE,0_0_     1745999,     1980119,空,平今,5033.0,2,2022-04-08 10:08:09
917,rb2210,SHFE,0_0_     1753637,     1983658,多,开,5037.0,7,2022-04-08 10:08:43
918,rb2210,SHFE,0_0_     1754525,     1984283,空,平今,5036.0,1,2022-04-08 10:08:48
919,rb2210,SHFE,0_0_     1755936,     1985288,空,平今,5036.0,1,2022-04-08 10:09:02
920,rb2210,SHFE,0_0_     1755936,     1985329,空,平今,5035.0,3,2022-04-08 10:09:03
921,rb2210,SHFE,0_0_     1751439,     1989413,多,平今,5032.0,1,2022-04-08 10:09:42
922,rb2210,SHFE,0_0_     1751439,     1989414,多,平今,5032.0,2,2022-04-08 10:09:42
923,rb2210,SHFE,0_0_     1760835,     1989420,空,平今,5033.0,2,2022-04-08 10:09:42
924,rb2210,SHFE,0_0_     1760835,     1989438,空,平今,5033.0,1,2022-04-08 10:09:42
925,rb2210,SHFE,0_0_     1763794,     1992946,空,开,5032.0,1,2022-04-08 10:10:19
926,rb2210,SHFE,0_0_     1774004,     2002410,多,开,5034.0,1,2022-04-08 10:12:08
927,rb2210,SHFE,0_0_     1774004,     2002517,多,开,5034.0,1,2022-04-08 10:12:09
928,rb2210,SHFE,0_0_     1774600,     2002809,多,开,5035.0,1,2022-04-08 10:12:13
929,rb2210,SHFE,0_0_     1779755,     2008423,空,开,5027.0,7,2022-04-08 10:13:01
930,rb2210,SHFE,0_0_     1779939,     2008866,多,平今,5026.0,2,2022-04-08 10:13:04
931,rb2210,SHFE,0_0_     1780606,     2010144,多,平今,5024.0,3,2022-04-08 10:13:08
932,rb2210,SHFE,0_0_     1780759,     2010949,多,平今,5024.0,1,2022-04-08 10:13:09
933,rb2210,SHFE,0_0_     1781324,     2011715,多,开,5026.0,4,2022-04-08 10:13:13
934,rb2210,SHFE,0_0_     1781413,     2011719,空,平今,5027.0,3,2022-04-08 10:13:13
935,rb2210,SHFE,0_0_     1781413,     2011721,空,平今,5027.0,1,2022-04-08 10:13:13
936,rb2210,SHFE,0_0_     1781440,     2011765,多,开,5026.0,4,2022-04-08 10:13:13
937,rb2210,SHFE,0_0_     1781460,     2011939,空,平今,5027.0,6,2022-04-08 10:13:15
938,rb2210,SHFE,0_0_     1781781,     2012060,多,开,5026.0,6,2022-04-08 10:13:17
939,rb2210,SHFE,0_0_     1791519,     2049598,空,平今,5016.0,1,2022-04-08 10:30:36
940,rb2210,SHFE,0_0_     1791519,     2049599,空,平今,5016.0,1,2022-04-08 10:30:36
941,rb2210,SHFE,0_0_     1791978,     2049874,多,平今,5015.0,2,2022-04-08 10:30:37
942,rb2210,SHFE,0_0_     1792031,     2049927,空,平今,5016.0,2,2022-04-08 10:30:37
943,rb2210,SHFE,0_0_     1792040,     2050163,多,开,5015.0,2,2022-04-08 10:30:39
944,rb2210,SHFE,0_0_     1792076,     2050620,空,平今,5016.0,2,2022-04-08 10:30:41
945,rb2210,SHFE,0_0_     1792124,     2050690,多,开,5015.0,2,2022-04-08 10:30:41
946,rb2210,SHFE,0_0_     1792333,     2051387,多,开,5016.0,1,2022-04-08 10:30:46
947,rb2210,SHFE,0_0_     1792955,     2055471,多,开,5016.000000000001,2,2022-04-08 10:31:08
948,rb2210,SHFE,0_0_     1792337,     2055707,空,平今,5017.0,1,2022-04-08 10:31:09
949,rb2210,SHFE,0_0_     1793146,     2055929,多,开,5016.0,1,2022-04-08 10:31:10
950,rb2210,SHFE,0_0_     1793173,     2055976,空,平今,5017.0,2,2022-04-08 10:31:10
951,rb2210,SHFE,0_0_     1794730,     2061504,多,开,5021.0,1,2022-04-08 10:31:46
952,rb2210,SHFE,0_0_     1794730,     2061505,多,开,5021.0,1,2022-04-08 10:31:46
953,rb2210,SHFE,0_0_     1795166,     2063083,空,平今,5022.0,3,2022-04-08 10:31:56
954,rb2210,SHFE,0_0_     1795337,     2064267,多,开,5021.0,3,2022-04-08 10:32:00
955,rb2210,SHFE,0_0_     1797294,     2068042,空,平今,5018.0,4,2022-04-08 10:32:27
956,rb2210,SHFE,0_0_     1797318,     2068974,多,开,5017.0,4,2022-04-08 10:32:35
957,rb2210,SHFE,0_0_     1798085,     2069491,空,开,5017.0,8,2022-04-08 10:32:39
958,rb2210,SHFE,0_0_     1799802,     2072305,空,平今,5014.0,4,2022-04-08 10:33:01
959,rb2210,SHFE,0_0_     1799968,     2072358,多,平今,5013.0,7,2022-04-08 10:33:01
960,rb2210,SHFE,0_0_     1799980,     2072377,空,开,5014.0,1,2022-04-08 10:33:02
961,rb2210,SHFE,0_0_     1799980,     2072378,空,开,5014.0,6,2022-04-08 10:33:02
962,rb2210,SHFE,0_0_     1800010,     2072578,多,平今,5013.0,7,2022-04-08 10:33:03
963,rb2210,SHFE,0_0_     1800267,     2072606,空,开,5014.0,2,2022-04-08 10:33:03
964,rb2210,SHFE,0_0_     1800267,     2072612,空,开,5014.0,3,2022-04-08 10:33:04
965,rb2210,SHFE,0_0_     1800267,     2072613,空,开,5014.0,2,2022-04-08 10:33:04
966,rb2210,SHFE,0_0_     1800296,     2072944,多,平今,5013.0,5,2022-04-08 10:33:05
967,rb2210,SHFE,0_0_     1800398,     2073183,空,开,5014.0,1,2022-04-08 10:33:05
968,rb2210,SHFE,0_0_     1800398,     2073184,空,开,5014.0,1,2022-04-08 10:33:05
969,rb2210,SHFE,0_0_     1800398,     2073189,空,开,5014.0,1,2022-04-08 10:33:05
970,rb2210,SHFE,0_0_     1800398,     2073196,空,开,5014.0,1,2022-04-08 10:33:05
971,rb2210,SHFE,0_0_     1800398,     2073217,空,开,5014.0,1,2022-04-08 10:33:05
972,rb2210,SHFE,0_0_     1801586,     2074947,多,平今,5014.0,2,2022-04-08 10:33:15
973,rb2210,SHFE,0_0_     1801586,     2074948,多,平今,5014.0,1,2022-04-08 10:33:15
974,rb2210,SHFE,0_0_     1801959,     2075264,多,平今,5014.0,1,2022-04-08 10:33:17
975,rb2210,SHFE,0_0_     1802154,     2075630,多,平今,5013.000000000001,1,2022-04-08 10:33:21
976,rb2210,SHFE,0_0_     1803070,     2077303,多,平今,5013.0,1,2022-04-08 10:33:28
977,rb2210,SHFE,0_0_     1803921,     2079133,多,平今,5015.0,1,2022-04-08 10:33:41
978,rb2210,SHFE,0_0_     1808017,     2084083,空,开,5023.0,3,2022-04-08 10:34:16
979,rb2210,SHFE,0_0_     1808017,     2084104,空,开,5023.0,1,2022-04-08 10:34:16
980,rb2210,SHFE,0_0_     1808017,     2084105,空,开,5023.0,1,2022-04-08 10:34:16
981,rb2210,SHFE,0_0_     1812780,     2090755,空,平今,5024.0,1,2022-04-08 10:35:08
982,rb2210,SHFE,0_0_     1816910,     2094992,空,平今,5018.000000000001,1,2022-04-08 10:35:35
983,rb2210,SHFE,0_0_     1823585,     2103161,多,平今,5022.0,4,2022-04-08 10:36:37
984,rb2210,SHFE,0_0_     1824932,     2103276,空,开,5023.0,3,2022-04-08 10:36:37
985,rb2210,SHFE,0_0_     1824932,     2103717,空,开,5023.0,1,2022-04-08 10:36:39
986,rb2210,SHFE,0_0_     1839177,     2119998,多,平今,5018.0,4,2022-04-08 10:38:26
987,rb2210,SHFE,0_0_     1840112,     2121367,空,平今,5015.0,1,2022-04-08 10:38:38
988,rb2210,SHFE,0_0_     1840112,     2121377,空,平今,5015.0,1,2022-04-08 10:38:39
989,rb2210,SHFE,0_0_     1840301,     2121804,空,开,5015.0,4,2022-04-08 10:38:40
990,rb2210,SHFE,0_0_     1840669,     2122357,多,平今,5014.0,3,2022-04-08 10:38:42
991,rb2210,SHFE,0_0_     1841955,     2123737,多,平今,5013.0,3,2022-04-08 10:38:51
992,rb2210,SHFE,0_0_     1842145,     2123754,空,开,5014.0,3,2022-04-08 10:38:51
993,rb2210,SHFE,0_0_     1842158,     2123856,多,平今,5013.0,2,2022-04-08 10:38:52
994,rb2210,SHFE,0_0_     1842158,     2123902,多,平今,5013.0,1,2022-04-08 10:38:52
995,rb2210,SHFE,0_0_     1842268,     2124655,空,开,5014.0,1,2022-04-08 10:38:57
996,rb2210,SHFE,0_0_     1846212,     2130317,多,平今,5015.0,1,2022-04-08 10:39:26
997,rb2210,SHFE,0_0_     1846934,     2131720,空,开,5012.0,3,2022-04-08 10:39:34
998,rb2210,SHFE,0_0_     1846934,     2131722,空,开,5012.0,1,2022-04-08 10:39:34
999,rb2210,SHFE,0_0_     1847020,     2132036,多,平今,5011.0,2,2022-04-08 10:39:36
1000,rb2210,SHFE,0_0_     1847294,     2132336,多,平今,5011.0,1,2022-04-08 10:39:37
1001,rb2210,SHFE,0_0_     1848095,     2133526,空,开,5011.0,2,2022-04-08 10:39:44
1002,rb2210,SHFE,0_0_     1848095,     2133598,空,开,5011.0,1,2022-04-08 10:39:44
1003,rb2210,SHFE,0_0_     1849134,     2135612,多,平今,5010.0,2,2022-04-08 10:39:52
1004,rb2210,SHFE,0_0_     1849290,     2137266,空,开,5011.0,2,2022-04-08 10:39:58
1005,rb2210,SHFE,0_0_     1847461,     2138277,空,开,5012.0,1,2022-04-08 10:40:00
1006,rb2210,SHFE,0_0_     1847461,     2138291,空,开,5012.0,1,2022-04-08 10:40:00
1007,rb2210,SHFE,0_0_     1847461,     2138299,空,开,5012.0,1,2022-04-08 10:40:00
1008,rb2210,SHFE,0_0_     1850897,     2138859,多,平今,5011.0,1,2022-04-08 10:40:02
1009,rb2210,SHFE,0_0_     1851322,     2139097,多,开,5012.0,1,2022-04-08 10:40:03
1010,rb2210,SHFE,0_0_     1851322,     2139143,多,开,5012.0,5,2022-04-08 10:40:04
1011,rb2210,SHFE,0_0_     1851715,     2139609,多,平今,5012.0,1,2022-04-08 10:40:06
1012,rb2210,SHFE,0_0_     1852036,     2140646,空,平今,5013.0,2,2022-04-08 10:40:11
1013,rb2210,SHFE,0_0_     1852712,     2141595,多,平今,5012.0,1,2022-04-08 10:40:15
1014,rb2210,SHFE,0_0_     1859406,     2149169,空,平今,5014.0,4,2022-04-08 10:41:04
1015,rb2210,SHFE,0_0_     1859581,     2151028,多,平今,5013.0,2,2022-04-08 10:41:17
1016,rb2210,SHFE,0_0_     1861281,     2151706,空,开,5014.0,4,2022-04-08 10:41:20
1017,rb2210,SHFE,0_0_     1864845,     2155279,多,平今,5018.0,1,2022-04-08 10:41:48
1018,rb2210,SHFE,0_0_     1864845,     2155287,多,平今,5018.0,1,2022-04-08 10:41:48
1019,rb2210,SHFE,0_0_     1864845,     2155293,多,平今,5018.0,2,2022-04-08 10:41:48
1020,rb2210,SHFE,0_0_     1868606,     2160044,多,开,5017.0,2,2022-04-08 10:42:16
1021,rb2210,SHFE,0_0_     1876566,     2169221,多,开,5022.0,4,2022-04-08 10:43:22
1022,rb2210,SHFE,0_0_     1877554,     2170140,多,平今,5023.0,2,2022-04-08 10:43:32
1023,rb2210,SHFE,0_0_     1881320,     2174468,空,平今,5021.0,1,2022-04-08 10:44:14
1024,rb2210,SHFE,0_0_     1882282,     2174800,多,开,5020.0,2,2022-04-08 10:44:19
1025,rb2210,SHFE,0_0_     1886873,     2179935,空,平今,5012.0,4,2022-04-08 10:45:01
1026,rb2210,SHFE,0_0_     1887020,     2180278,空,平今,5012.0,3,2022-04-08 10:45:01
1027,rb2210,SHFE,0_0_     1888098,     2182182,空,开,5010.0,2,2022-04-08 10:45:06
1028,rb2210,SHFE,0_0_     1888098,     2182183,空,开,5010.0,2,2022-04-08 10:45:06
1029,rb2210,SHFE,0_0_     1888098,     2182184,空,开,5010.0,2,2022-04-08 10:45:06
1030,rb2210,SHFE,0_0_     1888098,     2182185,空,开,5010.0,1,2022-04-08 10:45:06
1031,rb2210,SHFE,0_0_     1888098,     2182186,空,开,5010.0,1,2022-04-08 10:45:06
1032,rb2210,SHFE,0_0_     1892186,     2187288,多,平今,5013.0,1,2022-04-08 10:45:33
1033,rb2210,SHFE,0_0_     1892186,     2187289,多,平今,5013.0,1,2022-04-08 10:45:33
1034,rb2210,SHFE,0_0_     1893707,     2191107,空,开,5017.0,1,2022-04-08 10:46:02
1035,rb2210,SHFE,0_0_     1896489,     2191735,多,平今,5017.0,2,2022-04-08 10:46:06
1036,rb2210,SHFE,0_0_     1896039,     2192972,多,平今,5016.0,3,2022-04-08 10:46:16
1037,rb2210,SHFE,0_0_     1897175,     2192992,多,平今,5016.0,1,2022-04-08 10:46:16
1038,rb2210,SHFE,0_0_     1899032,     2194273,多,开,5014.0,4,2022-04-08 10:46:27
1039,rb2210,SHFE,0_0_     1899131,     2194463,空,平今,5015.0,1,2022-04-08 10:46:31
1040,rb2210,SHFE,0_0_     1897833,     2194985,空,开,5017.0,4,2022-04-08 10:46:38
1041,rb2210,SHFE,0_0_     1900533,     2195847,多,平今,5016.0,2,2022-04-08 10:46:50
1042,rb2210,SHFE,0_0_     1900533,     2195848,多,平今,5016.0,1,2022-04-08 10:46:50
1043,rb2210,SHFE,0_0_     1899435,     2196510,多,平今,5014.0,1,2022-04-08 10:46:58
1044,rb2210,SHFE,0_0_     1901764,     2196582,空,平今,5015.0,1,2022-04-08 10:46:59
1045,rb2210,SHFE,0_0_     1901798,     2196780,多,平今,5014.0,1,2022-04-08 10:47:00
1046,rb2210,SHFE,0_0_     1901900,     2197020,空,开,5015.0,1,2022-04-08 10:47:01
1047,rb2210,SHFE,0_0_     1902072,     2197052,多,平今,5014.0,1,2022-04-08 10:47:01
1048,rb2210,SHFE,0_0_     1902082,     2197206,空,开,5015.0,1,2022-04-08 10:47:02
1049,rb2210,SHFE,0_0_     1901799,     2197778,空,平今,5016.0,2,2022-04-08 10:47:05
1050,rb2210,SHFE,0_0_     1910966,     2205766,多,开,5020.0,2,2022-04-08 10:48:31
1051,rb2210,SHFE,0_0_     1913433,     2209006,空,开,5022.0,4,2022-04-08 10:49:00
1052,rb2210,SHFE,0_0_     1913456,     2209057,多,平今,5021.0,2,2022-04-08 10:49:00
1053,rb2210,SHFE,0_0_     1913456,     2209058,多,平今,5021.0,1,2022-04-08 10:49:00
1054,rb2210,SHFE,0_0_     1913456,     2209068,多,平今,5021.0,1,2022-04-08 10:49:00
1055,rb2210,SHFE,0_0_     1913483,     2209083,空,开,5022.0,4,2022-04-08 10:49:01
1056,rb2210,SHFE,0_0_     1913510,     2209296,多,平今,5021.0,4,2022-04-08 10:49:04
1057,rb2210,SHFE,0_0_     1909706,     2212424,多,开,5018.0,1,2022-04-08 10:49:39
1058,rb2210,SHFE,0_0_     1909706,     2212451,多,开,5018.0,1,2022-04-08 10:49:40
1059,rb2210,SHFE,0_0_     1909706,     2212505,多,开,5018.0,1,2022-04-08 10:49:40
1060,rb2210,SHFE,0_0_     1917056,     2212878,空,平今,5019.0,1,2022-04-08 10:49:44
1061,rb2210,SHFE,0_0_     1902705,     2216740,多,开,5015.0,1,2022-04-08 10:50:30
1062,rb2210,SHFE,0_0_     1902705,     2216772,多,开,5015.0,1,2022-04-08 10:50:30
1063,rb2210,SHFE,0_0_     1925323,     2220775,空,平今,5012.0,3,2022-04-08 10:50:57
1064,rb2210,SHFE,0_0_     1925729,     2225659,多,开,5011.000000000001,1,2022-04-08 10:51:42
1065,rb2210,SHFE,0_0_     1925729,     2225660,多,开,5011.000000000001,1,2022-04-08 10:51:42
1066,rb2210,SHFE,0_0_     1925729,     2225661,多,开,5011.000000000001,1,2022-04-08 10:51:42
1067,rb2210,SHFE,0_0_     1931465,     2226516,多,平今,5011.0,1,2022-04-08 10:51:48
1068,rb2210,SHFE,0_0_     1932452,     2228236,多,开,5010.0,1,2022-04-08 10:52:02
1069,rb2210,SHFE,0_0_     1933687,     2229180,空,平今,5009.0,1,2022-04-08 10:52:11
1070,rb2210,SHFE,0_0_     1934398,     2229791,空,平今,5010.0,1,2022-04-08 10:52:18
1071,rb2210,SHFE,0_0_     1934398,     2229794,空,平今,5010.0,1,2022-04-08 10:52:18
1072,rb2210,SHFE,0_0_     1934398,     2229795,空,平今,5010.0,1,2022-04-08 10:52:18
1073,rb2210,SHFE,0_0_     1934410,     2229978,多,开,5010.0,3,2022-04-08 10:52:19
1074,rb2210,SHFE,0_0_     1935419,     2231601,空,平今,5010.0,4,2022-04-08 10:52:36
1075,rb2210,SHFE,0_0_     1936726,     2233541,空,开,5008.0,4,2022-04-08 10:52:49
1076,rb2210,SHFE,0_0_     1937283,     2234090,空,平今,5007.0,1,2022-04-08 10:52:53
1077,rb2210,SHFE,0_0_     1937382,     2234179,多,平今,5006.0,1,2022-04-08 10:52:53
1078,rb2210,SHFE,0_0_     1937410,     2234214,空,开,5007.0,1,2022-04-08 10:52:54
1079,rb2210,SHFE,0_0_     1937535,     2234471,多,开,5006.0,5,2022-04-08 10:52:56
1080,rb2210,SHFE,0_0_     1937580,     2234490,空,平今,5007.0,2,2022-04-08 10:52:56
1081,rb2210,SHFE,0_0_     1937580,     2234491,空,平今,5007.0,1,2022-04-08 10:52:56
1082,rb2210,SHFE,0_0_     1937580,     2234500,空,平今,5007.0,2,2022-04-08 10:52:56
1083,rb2210,SHFE,0_0_     1937638,     2234765,多,开,5006.0,6,2022-04-08 10:52:58
1084,rb2210,SHFE,0_0_     1937799,     2234778,空,平今,5007.0,5,2022-04-08 10:52:58
1085,rb2210,SHFE,0_0_     1937799,     2234783,空,平今,5007.0,1,2022-04-08 10:52:58
1086,rb2210,SHFE,0_0_     1937802,     2235008,多,开,5006.0,6,2022-04-08 10:53:00
1087,rb2210,SHFE,0_0_     1937901,     2235029,空,平今,5007.0,2,2022-04-08 10:53:00
1088,rb2210,SHFE,0_0_     1938462,     2236726,多,平今,5005.0,1,2022-04-08 10:53:09
1089,rb2210,SHFE,0_0_     1938462,     2236728,多,平今,5005.0,1,2022-04-08 10:53:09
1090,rb2210,SHFE,0_0_     1938793,     2237271,空,平今,5007.0,1,2022-04-08 10:53:11
1091,rb2210,SHFE,0_0_     1938793,     2237288,空,平今,5007.0,3,2022-04-08 10:53:12
1092,rb2210,SHFE,0_0_     1939453,     2238014,空,开,5008.0,2,2022-04-08 10:53:16
1093,rb2210,SHFE,0_0_     1939453,     2238028,空,开,5008.0,1,2022-04-08 10:53:16
1094,rb2210,SHFE,0_0_     1939453,     2238035,空,开,5008.0,1,2022-04-08 10:53:16
1095,rb2210,SHFE,0_0_     1939453,     2238038,空,开,5008.0,1,2022-04-08 10:53:16
1096,rb2210,SHFE,0_0_     1939664,     2240339,多,平今,5007.0,3,2022-04-08 10:53:42
1097,rb2210,SHFE,0_0_     1943098,     2241619,多,平今,5006.0,1,2022-04-08 10:53:51
1098,rb2210,SHFE,0_0_     1943098,     2241633,多,平今,5006.0,1,2022-04-08 10:53:51
1099,rb2210,SHFE,0_0_     1943098,     2241634,多,平今,5006.0,1,2022-04-08 10:53:51
1100,rb2210,SHFE,0_0_     1943098,     2241651,多,平今,5006.0,1,2022-04-08 10:53:51
1101,rb2210,SHFE,0_0_     1943268,     2242152,多,开,5006.0,1,2022-04-08 10:53:57
1102,rb2210,SHFE,0_0_     1945118,     2245811,多,开,5003.0,1,2022-04-08 10:54:17
1103,rb2210,SHFE,0_0_     1945810,     2249950,空,开,5004.0,4,2022-04-08 10:54:36
1104,rb2210,SHFE,0_0_     1948600,     2250489,多,平今,5006.0,1,2022-04-08 10:54:39
1105,rb2210,SHFE,0_0_     1947767,     2251674,多,开,5001.0,4,2022-04-08 10:54:43
1106,rb2210,SHFE,0_0_     1949160,     2251830,空,平今,5002.0,2,2022-04-08 10:54:44
1107,rb2210,SHFE,0_0_     1949566,     2253515,多,平今,5000.0,2,2022-04-08 10:54:46
1108,rb2210,SHFE,0_0_     1949640,     2253540,空,平今,5001.0,2,2022-04-08 10:54:46
1109,rb2210,SHFE,0_0_     1949655,     2253546,多,开,5000.0,2,2022-04-08 10:54:46
1110,rb2210,SHFE,0_0_     1949658,     2253553,空,平今,5001.0,2,2022-04-08 10:54:46
1111,rb2210,SHFE,0_0_     1949667,     2253658,多,开,5000.0,2,2022-04-08 10:54:47
1112,rb2210,SHFE,0_0_     1949774,     2253835,空,平今,5001.0,2,2022-04-08 10:54:47
1113,rb2210,SHFE,0_0_     1949848,     2253849,多,开,5000.0,2,2022-04-08 10:54:47
1114,rb2210,SHFE,0_0_     1949849,     2253869,空,平今,5001.0,1,2022-04-08 10:54:47
1115,rb2210,SHFE,0_0_     1949849,     2253870,空,平今,5001.0,1,2022-04-08 10:54:47
1116,rb2210,SHFE,0_0_     1949850,     2253878,多,开,5000.0,1,2022-04-08 10:54:47
1117,rb2210,SHFE,0_0_     1949850,     2253879,多,开,5000.0,1,2022-04-08 10:54:47
1118,rb2210,SHFE,0_0_     1949851,     2253907,空,平今,5001.0,2,2022-04-08 10:54:47
1119,rb2210,SHFE,0_0_     1949856,     2253917,多,开,4999.0,1,2022-04-08 10:54:47
1120,rb2210,SHFE,0_0_     1949856,     2253918,多,开,4999.0,1,2022-04-08 10:54:47
1121,rb2210,SHFE,0_0_     1949858,     2253926,空,平今,5000.0,1,2022-04-08 10:54:47
1122,rb2210,SHFE,0_0_     1949862,     2254591,空,平今,5000.0,1,2022-04-08 10:54:48
1123,rb2210,SHFE,0_0_     1949950,     2254636,多,平今,4999.000000000001,1,2022-04-08 10:54:48
1124,rb2210,SHFE,0_0_     1950128,     2255143,空,平今,4999.0,1,2022-04-08 10:54:50
1125,rb2210,SHFE,0_0_     1949974,     2255638,空,平今,5000.0,1,2022-04-08 10:54:53
1126,rb2210,SHFE,0_0_     1950635,     2255705,空,开,5000.0,3,2022-04-08 10:54:54
1127,rb2210,SHFE,0_0_     1950700,     2255769,多,平今,5000.000000000001,2,2022-04-08 10:54:54
1128,rb2210,SHFE,0_0_     1951167,     2256305,多,平今,5001.0,1,2022-04-08 10:54:58
1129,rb2210,SHFE,0_0_     1951357,     2256451,空,开,5001.0,3,2022-04-08 10:54:59
1130,rb2210,SHFE,0_0_     1951415,     2256523,多,平今,5000.0,3,2022-04-08 10:55:00
1131,rb2210,SHFE,0_0_     1951465,     2256597,空,开,5001.0,3,2022-04-08 10:55:00
1132,rb2210,SHFE,0_0_     1951489,     2256603,多,平今,5000.0,1,2022-04-08 10:55:00
1133,rb2210,SHFE,0_0_     1951489,     2256604,多,平今,5000.0,2,2022-04-08 10:55:00
1134,rb2210,SHFE,0_0_     1951491,     2256659,空,开,5001.0,3,2022-04-08 10:55:00
1135,rb2210,SHFE,0_0_     1951575,     2256881,空,开,5001.0,1,2022-04-08 10:55:02
1136,rb2210,SHFE,0_0_     1951575,     2256915,空,开,5001.0,1,2022-04-08 10:55:02
1137,rb2210,SHFE,0_0_     1951575,     2256925,空,开,5001.0,3,2022-04-08 10:55:02
1138,rb2210,SHFE,0_0_     1954349,     2260211,多,平今,5005.0,5,2022-04-08 10:55:22
1139,rb2210,SHFE,0_0_     1956186,     2261787,空,平今,5007.0,1,2022-04-08 10:55:37
1140,rb2210,SHFE,0_0_     1956686,     2262390,空,开,5008.0,2,2022-04-08 10:55:42
1141,rb2210,SHFE,0_0_     1957034,     2263232,多,平今,5007.0,1,2022-04-08 10:55:51
1142,rb2210,SHFE,0_0_     1958043,     2264017,空,开,5007.0,2,2022-04-08 10:55:59
1143,rb2210,SHFE,0_0_     1958143,     2264036,多,平今,5006.0,2,2022-04-08 10:55:59
1144,rb2210,SHFE,0_0_     1958144,     2264149,空,开,5007.0,1,2022-04-08 10:56:00
1145,rb2210,SHFE,0_0_     1958144,     2264164,空,开,5007.0,1,2022-04-08 10:56:01
1146,rb2210,SHFE,0_0_     1958144,     2264175,空,开,5007.0,2,2022-04-08 10:56:01
1147,rb2210,SHFE,0_0_     1960490,     2266296,多,平今,5003.0,3,2022-04-08 10:56:25
1148,rb2210,SHFE,0_0_     1963648,     2270302,空,开,5003.0,1,2022-04-08 10:57:11
1149,rb2210,SHFE,0_0_     1951808,     2270650,多,平今,5000.0,3,2022-04-08 10:57:15
1150,rb2210,SHFE,0_0_     1966368,     2272862,多,平今,4998.0,2,2022-04-08 10:57:24
1151,rb2210,SHFE,0_0_     1966490,     2272867,空,开,4999.0,2,2022-04-08 10:57:24
1152,rb2210,SHFE,0_0_     1965128,     2273156,空,开,5001.0,3,2022-04-08 10:57:26
1153,rb2210,SHFE,0_0_     1967263,     2274152,多,平今,4998.0,4,2022-04-08 10:57:31
1154,rb2210,SHFE,0_0_     1967521,     2274423,空,开,4998.0,4,2022-04-08 10:57:33
1155,rb2210,SHFE,0_0_     1967671,     2274436,多,平今,4997.0,4,2022-04-08 10:57:33
1156,rb2210,SHFE,0_0_     1967672,     2274948,空,开,4998.0,1,2022-04-08 10:57:34
1157,rb2210,SHFE,0_0_     1967672,     2274952,空,开,4998.0,2,2022-04-08 10:57:34
1158,rb2210,SHFE,0_0_     1967672,     2274955,空,开,4998.0,1,2022-04-08 10:57:34
1159,rb2210,SHFE,0_0_     1968688,     2275786,多,开,4998.0,2,2022-04-08 10:57:42
1160,rb2210,SHFE,0_0_     1968783,     2275987,多,开,4998.0,4,2022-04-08 10:57:43
1161,rb2210,SHFE,0_0_     1967975,     2276011,多,平今,4997.0,5,2022-04-08 10:57:43
1162,rb2210,SHFE,0_0_     1968797,     2276034,空,平今,4998.0,5,2022-04-08 10:57:43
1163,rb2210,SHFE,0_0_     1968894,     2276312,多,平今,4998.0,1,2022-04-08 10:57:46
1164,rb2210,SHFE,0_0_     1969190,     2276594,空,开,4999.0,2,2022-04-08 10:57:48
1165,rb2210,SHFE,0_0_     1969558,     2277004,空,开,4998.0,4,2022-04-08 10:57:52
1166,rb2210,SHFE,0_0_     1969618,     2277133,多,平今,4998.0,2,2022-04-08 10:57:53
1167,rb2210,SHFE,0_0_     1972040,     2283957,多,平今,4991.0,1,2022-04-08 10:58:16
1168,rb2210,SHFE,0_0_     1972117,     2284142,空,平今,4992.0,1,2022-04-08 10:58:17
1169,rb2210,SHFE,0_0_     1972202,     2284243,多,开,4991.0,4,2022-04-08 10:58:17
1170,rb2210,SHFE,0_0_     1972202,     2284246,多,开,4991.0,2,2022-04-08 10:58:17
1171,rb2210,SHFE,0_0_     1972202,     2284251,多,开,4991.0,1,2022-04-08 10:58:17
1172,rb2210,SHFE,0_0_     1972202,     2284253,多,开,4991.0,1,2022-04-08 10:58:17
1173,rb2210,SHFE,0_0_     1972271,     2284594,空,平今,4992.0,1,2022-04-08 10:58:19
1174,rb2210,SHFE,0_0_     1972271,     2284648,空,平今,4992.0,1,2022-04-08 10:58:20
1175,rb2210,SHFE,0_0_     1972271,     2284649,空,平今,4992.0,2,2022-04-08 10:58:20
1176,rb2210,SHFE,0_0_     1972677,     2285631,空,平今,4992.0,1,2022-04-08 10:58:21
1177,rb2210,SHFE,0_0_     1973989,     2287115,多,平今,4991.0,1,2022-04-08 10:58:27
1178,rb2210,SHFE,0_0_     1974592,     2288217,空,平今,4991.0,1,2022-04-08 10:58:31
1179,rb2210,SHFE,0_0_     1977068,     2293024,多,开,4989.0,4,2022-04-08 10:58:57
1180,rb2210,SHFE,0_0_     1974055,     2294248,空,平今,4992.0,1,2022-04-08 10:59:04
1181,rb2210,SHFE,0_0_     1977926,     2294548,空,平今,4992.0,2,2022-04-08 10:59:06
1182,rb2210,SHFE,0_0_     1978098,     2294567,空,平今,4992.0,1,2022-04-08 10:59:06
1183,rb2210,SHFE,0_0_     1978578,     2295253,空,开,4993.0,4,2022-04-08 10:59:10
1184,rb2210,SHFE,0_0_     1978168,     2297516,多,开,4991.0,3,2022-04-08 10:59:25
1185,rb2210,SHFE,0_0_     1979796,     2298139,多,平今,4989.0,3,2022-04-08 10:59:29
1186,rb2210,SHFE,0_0_     1980263,     2298611,多,平今,4988.0,1,2022-04-08 10:59:33
1187,rb2210,SHFE,0_0_     1980321,     2298725,空,平今,4988.0,1,2022-04-08 10:59:34
1188,rb2210,SHFE,0_0_     1979647,     2300363,空,平今,4992.0,2,2022-04-08 10:59:45
1189,rb2210,SHFE,0_0_     1979647,     2300368,空,平今,4992.0,1,2022-04-08 10:59:45
1190,rb2210,SHFE,0_0_     1981266,     2300539,多,开,4991.0,3,2022-04-08 10:59:47
1191,rb2210,SHFE,0_0_     1981421,     2304963,空,平今,4992.0,2,2022-04-08 11:00:05
1192,rb2210,SHFE,0_0_     1983719,     2305561,多,平今,4991.0,2,2022-04-08 11:00:06
1193,rb2210,SHFE,0_0_     1984061,     2305600,空,平今,4992.0,2,2022-04-08 11:00:06
1194,rb2210,SHFE,0_0_     1984064,     2305679,多,开,4991.0,2,2022-04-08 11:00:06
1195,rb2210,SHFE,0_0_     1984401,     2306194,多,开,4990.0,1,2022-04-08 11:00:08
1196,rb2210,SHFE,0_0_     1984401,     2306266,多,开,4990.0,2,2022-04-08 11:00:09
1197,rb2210,SHFE,0_0_     1985061,     2306755,多,开,4990.0,1,2022-04-08 11:00:11
1198,rb2210,SHFE,0_0_     1985590,     2307520,空,平今,4991.0,1,2022-04-08 11:00:16
1199,rb2210,SHFE,0_0_     1992810,     2316721,空,平今,4995.0,4,2022-04-08 11:01:26
1200,rb2210,SHFE,0_0_     1995880,     2319883,空,开,4994.0,1,2022-04-08 11:01:57
1201,rb2210,SHFE,0_0_     1995880,     2319890,空,开,4994.0,1,2022-04-08 11:01:57
1202,rb2210,SHFE,0_0_     2000580,     2328666,多,开,4983.0,4,2022-04-08 11:02:34
1203,rb2210,SHFE,0_0_     2000581,     2330162,空,平今,4984.0,4,2022-04-08 11:02:38
1204,rb2210,SHFE,0_0_     2001001,     2330408,多,开,4983.0,1,2022-04-08 11:02:38
1205,rb2210,SHFE,0_0_     2001001,     2330411,多,开,4983.0,1,2022-04-08 11:02:38
1206,rb2210,SHFE,0_0_     2001001,     2330416,多,开,4983.0,2,2022-04-08 11:02:38
1207,rb2210,SHFE,0_0_     2001248,     2331014,多,平今,4984.0,1,2022-04-08 11:02:40
1208,rb2210,SHFE,0_0_     2003174,     2332803,空,平今,4984.0,3,2022-04-08 11:02:50
1209,rb2210,SHFE,0_0_     2007690,     2342585,空,平今,4973.0,1,2022-04-08 11:03:23
1210,rb2210,SHFE,0_0_     2010525,     2350002,空,平今,4975.0,1,2022-04-08 11:03:40
1211,rb2210,SHFE,0_0_     2010647,     2350273,多,开,4975.0,4,2022-04-08 11:03:41
1212,rb2210,SHFE,0_0_     2010682,     2350469,空,平今,4976.0,2,2022-04-08 11:03:42
1213,rb2210,SHFE,0_0_     2010682,     2350481,空,平今,4976.0,2,2022-04-08 11:03:42
1214,rb2210,SHFE,0_0_     2010752,     2350955,多,开,4975.000000000001,2,2022-04-08 11:03:43
1215,rb2210,SHFE,0_0_     2010752,     2350957,多,开,4975.000000000001,1,2022-04-08 11:03:43
1216,rb2210,SHFE,0_0_     2010752,     2350958,多,开,4975.000000000001,1,2022-04-08 11:03:43
1217,rb2210,SHFE,0_0_     2011123,     2350973,空,平今,4976.0,1,2022-04-08 11:03:43
1218,rb2210,SHFE,0_0_     2011123,     2350981,空,平今,4976.0,1,2022-04-08 11:03:43
1219,rb2210,SHFE,0_0_     2011123,     2350986,空,平今,4976.0,1,2022-04-08 11:03:43
1220,rb2210,SHFE,0_0_     2011123,     2350990,空,平今,4976.0,1,2022-04-08 11:03:43
1221,rb2210,SHFE,0_0_     2011124,     2350991,多,开,4975.0,1,2022-04-08 11:03:43
1222,rb2210,SHFE,0_0_     2011124,     2351054,多,开,4975.0,3,2022-04-08 11:03:44
1223,rb2210,SHFE,0_0_     2011207,     2351204,多,平今,4975.0,1,2022-04-08 11:03:45
1224,rb2210,SHFE,0_0_     2011278,     2351238,空,平今,4976.0,1,2022-04-08 11:03:45
1225,rb2210,SHFE,0_0_     2011290,     2351492,多,开,4975.0,1,2022-04-08 11:03:46
1226,rb2210,SHFE,0_0_     2011399,     2351505,空,平今,4976.0,1,2022-04-08 11:03:46
1227,rb2210,SHFE,0_0_     2007056,     2351523,空,开,4977.0,4,2022-04-08 11:03:46
1228,rb2210,SHFE,0_0_     2011452,     2351545,多,平今,4976.0,4,2022-04-08 11:03:46
1229,rb2210,SHFE,0_0_     2011410,     2351758,多,开,4975.0,1,2022-04-08 11:03:47
1230,rb2210,SHFE,0_0_     2011596,     2351900,多,开,4976.0,3,2022-04-08 11:03:48
1231,rb2210,SHFE,0_0_     2011702,     2352081,空,平今,4977.0,3,2022-04-08 11:03:48
1232,rb2210,SHFE,0_0_     2011781,     2352138,多,开,4976.0,1,2022-04-08 11:03:49
