,code,exchange,orderid,tradeid,direction,offset,price,volume,datetime
0,rb2210,SHFE,0_0_        1103,       59647,多,开,4889.0,8,2022-04-11 21:00:34
1,rb2210,SHFE,0_0_        1693,       72030,空,平今,4893.0,2,2022-04-11 21:00:50
2,rb2210,SHFE,0_0_        1693,       72031,空,平今,4893.0,4,2022-04-11 21:00:50
3,rb2210,SHFE,0_0_        1693,       72032,空,平今,4893.0,2,2022-04-11 21:00:50
4,rb2210,SHFE,0_0_        1764,       76618,多,开,4891.0,1,2022-04-11 21:00:56
5,rb2210,SHFE,0_0_        1764,       76632,多,开,4891.0,1,2022-04-11 21:00:56
6,rb2210,SHFE,0_0_        1764,       76642,多,开,4891.0,2,2022-04-11 21:00:56
7,rb2210,SHFE,0_0_        1764,       76675,多,开,4891.0,4,2022-04-11 21:00:56
8,rb2210,SHFE,0_0_        2123,       79281,空,平今,4890.000000000001,4,2022-04-11 21:00:59
9,rb2210,SHFE,0_0_        2251,       81597,空,平今,4890.0,1,2022-04-11 21:01:02
10,rb2210,SHFE,0_0_        2294,       83094,多,平昨,4890.0,6,2022-04-11 21:01:03
11,rb2210,SHFE,0_0_        2502,       87456,空,开,4889.0,4,2022-04-11 21:01:10
12,rb2210,SHFE,0_0_        2346,       89922,空,开,4891.0,4,2022-04-11 21:01:13
13,rb2210,SHFE,0_0_        2595,       90328,多,平今,4890.000000000001,2,2022-04-11 21:01:13
14,rb2210,SHFE,0_0_        2610,       92112,多,平今,4889.0,2,2022-04-11 21:01:15
15,rb2210,SHFE,0_0_        2856,       98700,多,平今,4891.0,1,2022-04-11 21:01:23
16,rb2210,SHFE,0_0_        2856,      105230,多,平今,4891.0,1,2022-04-11 21:01:32
17,rb2210,SHFE,0_0_        2856,      105253,多,平今,4891.0,1,2022-04-11 21:01:32
18,rb2210,SHFE,0_0_        3155,      105781,多,开,4892.0,4,2022-04-11 21:01:33
19,rb2210,SHFE,0_0_        3164,      105798,空,平今,4893.0,1,2022-04-11 21:01:33
20,rb2210,SHFE,0_0_        3164,      105805,空,平今,4893.0,1,2022-04-11 21:01:33
21,rb2210,SHFE,0_0_        3164,      105833,空,平今,4893.0,1,2022-04-11 21:01:33
22,rb2210,SHFE,0_0_        3164,      105850,空,平今,4893.0,1,2022-04-11 21:01:33
23,rb2210,SHFE,0_0_        3167,      106005,多,开,4892.0,4,2022-04-11 21:01:33
24,rb2210,SHFE,0_0_        3168,      106239,空,平今,4893.0,3,2022-04-11 21:01:34
25,rb2210,SHFE,0_0_        3168,      106283,空,平今,4893.0,1,2022-04-11 21:01:34
26,rb2210,SHFE,0_0_        3191,      106986,空,平今,4893.0,2,2022-04-11 21:01:35
27,rb2210,SHFE,0_0_        3217,      107510,多,开,4892.0,6,2022-04-11 21:01:35
28,rb2210,SHFE,0_0_        3230,      107704,空,平今,4893.0,6,2022-04-11 21:01:36
29,rb2210,SHFE,0_0_        3244,      107776,多,开,4892.0,1,2022-04-11 21:01:36
30,rb2210,SHFE,0_0_        3244,      107786,多,开,4892.0,1,2022-04-11 21:01:36
31,rb2210,SHFE,0_0_        3244,      107810,多,开,4892.0,4,2022-04-11 21:01:36
32,rb2210,SHFE,0_0_        3252,      108031,空,平今,4893.0,1,2022-04-11 21:01:36
33,rb2210,SHFE,0_0_        3252,      108081,空,平今,4893.0,1,2022-04-11 21:01:36
34,rb2210,SHFE,0_0_        3252,      108106,空,平今,4893.0,4,2022-04-11 21:01:36
35,rb2210,SHFE,0_0_        3263,      108145,多,开,4892.0,1,2022-04-11 21:01:36
36,rb2210,SHFE,0_0_        3263,      108199,多,开,4892.0,5,2022-04-11 21:01:37
37,rb2210,SHFE,0_0_        3272,      108623,空,平今,4893.0,2,2022-04-11 21:01:37
38,rb2210,SHFE,0_0_        3272,      108632,空,平今,4893.0,3,2022-04-11 21:01:37
39,rb2210,SHFE,0_0_        3272,      108636,空,平今,4893.0,2,2022-04-11 21:01:37
40,rb2210,SHFE,0_0_        3302,      108818,多,开,4892.0,7,2022-04-11 21:01:37
41,rb2210,SHFE,0_0_        3303,      121290,空,平今,4893.0,4,2022-04-11 21:02:00
42,rb2210,SHFE,0_0_        3303,      121480,空,平今,4893.0,3,2022-04-11 21:02:00
43,rb2210,SHFE,0_0_        4117,      122124,多,开,4893.0,3,2022-04-11 21:02:01
44,rb2210,SHFE,0_0_        4117,      122125,多,开,4893.0,1,2022-04-11 21:02:01
45,rb2210,SHFE,0_0_        4148,      123052,空,平今,4893.0,3,2022-04-11 21:02:02
46,rb2210,SHFE,0_0_        4166,      123401,多,开,4893.0,5,2022-04-11 21:02:03
47,rb2210,SHFE,0_0_        4267,      125164,空,平今,4894.0,3,2022-04-11 21:02:05
48,rb2210,SHFE,0_0_        4268,      126903,多,开,4893.0,3,2022-04-11 21:02:08
49,rb2210,SHFE,0_0_        4428,      128560,空,平今,4894.0,6,2022-04-11 21:02:11
50,rb2210,SHFE,0_0_        4567,      128586,多,开,4893.0,6,2022-04-11 21:02:11
51,rb2210,SHFE,0_0_        4568,      130142,空,平今,4894.0,3,2022-04-11 21:02:15
52,rb2210,SHFE,0_0_        4568,      130154,空,平今,4894.0,3,2022-04-11 21:02:15
53,rb2210,SHFE,0_0_        4675,      130174,多,开,4893.0,6,2022-04-11 21:02:15
54,rb2210,SHFE,0_0_        4676,      131385,空,平今,4894.000000000001,6,2022-04-11 21:02:17
55,rb2210,SHFE,0_0_        4903,      133223,多,开,4894.0,2,2022-04-11 21:02:20
56,rb2210,SHFE,0_0_        4772,      133791,多,开,4893.0,6,2022-04-11 21:02:21
57,rb2210,SHFE,0_0_        4984,      134680,空,平今,4894.0,1,2022-04-11 21:02:23
58,rb2210,SHFE,0_0_        4984,      134690,空,平今,4894.0,3,2022-04-11 21:02:23
59,rb2210,SHFE,0_0_        5041,      134908,多,开,4894.0,1,2022-04-11 21:02:24
60,rb2210,SHFE,0_0_        4093,      142358,多,平今,4892.0,1,2022-04-11 21:02:42
61,rb2210,SHFE,0_0_        5813,      143038,空,平今,4892.0,3,2022-04-11 21:02:43
62,rb2210,SHFE,0_0_        5813,      143070,空,平今,4892.0,1,2022-04-11 21:02:43
63,rb2210,SHFE,0_0_        6695,      151187,多,开,4893.0,4,2022-04-11 21:03:03
64,rb2210,SHFE,0_0_        8287,      166712,空,平今,4887.0,1,2022-04-11 21:03:32
65,rb2210,SHFE,0_0_        8464,      168230,空,开,4885.0,8,2022-04-11 21:03:36
66,rb2210,SHFE,0_0_       12045,      185161,空,平今,4890.0,3,2022-04-11 21:04:21
67,rb2210,SHFE,0_0_       12264,      185991,多,平今,4891.0,1,2022-04-11 21:04:24
68,rb2210,SHFE,0_0_       12264,      185992,多,平今,4891.0,1,2022-04-11 21:04:24
69,rb2210,SHFE,0_0_       12264,      185993,多,平今,4891.0,1,2022-04-11 21:04:24
70,rb2210,SHFE,0_0_       12264,      185994,多,平今,4891.0,2,2022-04-11 21:04:24
71,rb2210,SHFE,0_0_       12264,      185995,多,平今,4891.0,1,2022-04-11 21:04:24
72,rb2210,SHFE,0_0_       12264,      185996,多,平今,4891.0,1,2022-04-11 21:04:24
73,rb2210,SHFE,0_0_       12629,      187281,空,平今,4892.0,1,2022-04-11 21:04:28
74,rb2210,SHFE,0_0_       13649,      190979,多,开,4895.0,1,2022-04-11 21:04:39
75,rb2210,SHFE,0_0_       13649,      190980,多,开,4895.0,5,2022-04-11 21:04:39
76,rb2210,SHFE,0_0_       13649,      190981,多,开,4895.0,1,2022-04-11 21:04:39
77,rb2210,SHFE,0_0_       13649,      190982,多,开,4895.0,1,2022-04-11 21:04:39
78,rb2210,SHFE,0_0_       13831,      192667,空,平今,4896.0,4,2022-04-11 21:04:42
79,rb2210,SHFE,0_0_       13918,      193123,空,平今,4896.0,4,2022-04-11 21:04:43
80,rb2210,SHFE,0_0_       14056,      193480,空,开,4896.0,4,2022-04-11 21:04:44
81,rb2210,SHFE,0_0_       14036,      193492,多,开,4895.0,3,2022-04-11 21:04:44
82,rb2210,SHFE,0_0_       14036,      193493,多,开,4895.0,1,2022-04-11 21:04:44
83,rb2210,SHFE,0_0_       14104,      193633,空,平今,4896.0,4,2022-04-11 21:04:45
84,rb2210,SHFE,0_0_       14151,      195838,多,平今,4895.0,2,2022-04-11 21:04:52
85,rb2210,SHFE,0_0_       14151,      195841,多,平今,4895.0,2,2022-04-11 21:04:52
86,rb2210,SHFE,0_0_       14514,      197011,空,开,4896.0,1,2022-04-11 21:04:56
87,rb2210,SHFE,0_0_       14514,      197030,空,开,4896.0,1,2022-04-11 21:04:56
88,rb2210,SHFE,0_0_       14514,      197045,空,开,4896.0,1,2022-04-11 21:04:56
89,rb2210,SHFE,0_0_       14514,      197192,空,开,4896.0,1,2022-04-11 21:04:56
90,rb2210,SHFE,0_0_       14514,      197200,空,开,4896.0,3,2022-04-11 21:04:56
91,rb2210,SHFE,0_0_       14943,      197873,多,平今,4896.0,4,2022-04-11 21:04:58
92,rb2210,SHFE,0_0_       15003,      197979,多,开,4896.0,8,2022-04-11 21:04:58
93,rb2210,SHFE,0_0_       14982,      198770,空,开,4897.0,4,2022-04-11 21:05:00
94,rb2210,SHFE,0_0_       15508,      198875,多,平今,4896.000000000001,4,2022-04-11 21:05:00
95,rb2210,SHFE,0_0_       15654,      199414,空,平今,4897.0,4,2022-04-11 21:05:00
96,rb2210,SHFE,0_0_       15822,      200027,多,开,4896.0,3,2022-04-11 21:05:01
97,rb2210,SHFE,0_0_       15822,      200038,多,开,4896.0,1,2022-04-11 21:05:01
98,rb2210,SHFE,0_0_       16067,      200293,空,平今,4897.0,3,2022-04-11 21:05:01
99,rb2210,SHFE,0_0_       16067,      200320,空,平今,4897.0,1,2022-04-11 21:05:01
100,rb2210,SHFE,0_0_       16091,      201507,多,开,4896.0,1,2022-04-11 21:05:03
101,rb2210,SHFE,0_0_       16091,      201631,多,开,4896.0,3,2022-04-11 21:05:03
102,rb2210,SHFE,0_0_       16802,      202830,空,平今,4896.0,2,2022-04-11 21:05:05
103,rb2210,SHFE,0_0_       16627,      202868,空,平今,4897.000000000001,4,2022-04-11 21:05:05
104,rb2210,SHFE,0_0_       16903,      203221,多,开,4896.0,4,2022-04-11 21:05:06
105,rb2210,SHFE,0_0_       16903,      203222,多,开,4896.0,1,2022-04-11 21:05:06
106,rb2210,SHFE,0_0_       16903,      203224,多,开,4896.0,1,2022-04-11 21:05:06
107,rb2210,SHFE,0_0_       17313,      203914,空,平今,4896.0,1,2022-04-11 21:05:07
108,rb2210,SHFE,0_0_       17479,      204762,空,平今,4897.0,4,2022-04-11 21:05:08
109,rb2210,SHFE,0_0_       17631,      205108,空,开,4897.0,4,2022-04-11 21:05:09
110,rb2210,SHFE,0_0_       26503,      234055,多,平今,4884.0,1,2022-04-11 21:06:10
111,rb2210,SHFE,0_0_       26503,      234085,多,平今,4884.0,3,2022-04-11 21:06:10
112,rb2210,SHFE,0_0_       26509,      234135,空,开,4885.0,1,2022-04-11 21:06:10
113,rb2210,SHFE,0_0_       26509,      234137,空,开,4885.0,1,2022-04-11 21:06:10
114,rb2210,SHFE,0_0_       26509,      234149,空,开,4885.0,1,2022-04-11 21:06:10
115,rb2210,SHFE,0_0_       26522,      234181,多,平今,4884.0,3,2022-04-11 21:06:11
116,rb2210,SHFE,0_0_       25903,      254996,空,平今,4888.0,2,2022-04-11 21:07:07
117,rb2210,SHFE,0_0_       34984,      256002,多,平今,4887.0,2,2022-04-11 21:07:10
118,rb2210,SHFE,0_0_       38364,      262127,空,开,4883.0,4,2022-04-11 21:07:29
119,rb2210,SHFE,0_0_       38634,      262263,多,平今,4882.0,4,2022-04-11 21:07:30
120,rb2210,SHFE,0_0_       38701,      265235,空,开,4883.0,1,2022-04-11 21:07:39
121,rb2210,SHFE,0_0_       38701,      265426,空,开,4883.0,3,2022-04-11 21:07:40
122,rb2210,SHFE,0_0_       39896,      266044,多,平今,4882.0,3,2022-04-11 21:07:42
123,rb2210,SHFE,0_0_       40316,      267022,空,开,4883.0,3,2022-04-11 21:07:45
124,rb2210,SHFE,0_0_       40737,      267106,多,平今,4882.0,3,2022-04-11 21:07:45
125,rb2210,SHFE,0_0_       40808,      267288,空,开,4883.0,3,2022-04-11 21:07:46
126,rb2210,SHFE,0_0_       40925,      267742,多,平今,4882.0,2,2022-04-11 21:07:48
127,rb2210,SHFE,0_0_       40925,      267758,多,平今,4882.0,1,2022-04-11 21:07:48
128,rb2210,SHFE,0_0_       50232,      283076,多,开,4879.0,7,2022-04-11 21:08:32
129,rb2210,SHFE,0_0_       59695,      296972,多,平今,4876.0,2,2022-04-11 21:09:20
130,rb2210,SHFE,0_0_       61924,      299538,空,平今,4877.0,4,2022-04-11 21:09:28
131,rb2210,SHFE,0_0_       61925,      299940,多,开,4876.0,4,2022-04-11 21:09:30
132,rb2210,SHFE,0_0_       62343,      300094,空,平今,4877.0,1,2022-04-11 21:09:31
133,rb2210,SHFE,0_0_       62343,      300108,空,平今,4877.0,3,2022-04-11 21:09:31
134,rb2210,SHFE,0_0_       68356,      313192,多,开,4876.0,1,2022-04-11 21:10:15
135,rb2210,SHFE,0_0_       68356,      313259,多,开,4876.0,1,2022-04-11 21:10:15
136,rb2210,SHFE,0_0_       68356,      313308,多,开,4876.0,2,2022-04-11 21:10:15
137,rb2210,SHFE,0_0_       72232,      315870,空,平今,4876.0,2,2022-04-11 21:10:21
138,rb2210,SHFE,0_0_       72914,      316698,空,开,4876.0,4,2022-04-11 21:10:23
139,rb2210,SHFE,0_0_       73569,      317564,多,平今,4875.0,4,2022-04-11 21:10:26
140,rb2210,SHFE,0_0_       74185,      318584,空,开,4876.0,4,2022-04-11 21:10:28
141,rb2210,SHFE,0_0_       75541,      319703,多,平今,4875.0,1,2022-04-11 21:10:32
142,rb2210,SHFE,0_0_       75541,      319709,多,平今,4875.0,1,2022-04-11 21:10:32
143,rb2210,SHFE,0_0_       75541,      319717,多,平今,4875.0,2,2022-04-11 21:10:32
144,rb2210,SHFE,0_0_       50773,      322539,空,平今,4879.0,4,2022-04-11 21:10:42
145,rb2210,SHFE,0_0_       77555,      322848,多,开,4878.0,1,2022-04-11 21:10:43
146,rb2210,SHFE,0_0_       77555,      322911,多,开,4878.0,1,2022-04-11 21:10:43
147,rb2210,SHFE,0_0_       77555,      322935,多,开,4878.0,1,2022-04-11 21:10:43
148,rb2210,SHFE,0_0_       77555,      322971,多,开,4878.0,1,2022-04-11 21:10:43
149,rb2210,SHFE,0_0_       77979,      325550,空,平今,4879.0,3,2022-04-11 21:10:53
150,rb2210,SHFE,0_0_       78522,      326002,空,开,4879.0,1,2022-04-11 21:10:55
151,rb2210,SHFE,0_0_       78522,      326008,空,开,4879.0,3,2022-04-11 21:10:55
152,rb2210,SHFE,0_0_       80441,      327549,多,开,4878.0,4,2022-04-11 21:11:00
153,rb2210,SHFE,0_0_       80480,      327828,多,平今,4878.0,3,2022-04-11 21:11:01
154,rb2210,SHFE,0_0_       82460,      329475,空,平今,4878.0,2,2022-04-11 21:11:09
155,rb2210,SHFE,0_0_       82460,      329512,空,平今,4878.0,1,2022-04-11 21:11:09
156,rb2210,SHFE,0_0_       82460,      329513,空,平今,4878.0,1,2022-04-11 21:11:09
157,rb2210,SHFE,0_0_       83209,      329769,多,平今,4877.0,1,2022-04-11 21:11:10
158,rb2210,SHFE,0_0_       83760,      329783,多,开,4877.0,2,2022-04-11 21:11:10
159,rb2210,SHFE,0_0_       86886,      338078,空,平今,4876.0,2,2022-04-11 21:11:41
160,rb2210,SHFE,0_0_       91582,      338774,多,开,4876.0,3,2022-04-11 21:11:44
161,rb2210,SHFE,0_0_       92015,      339862,多,开,4876.0,2,2022-04-11 21:11:48
162,rb2210,SHFE,0_0_       93013,      340133,空,开,4877.0,6,2022-04-11 21:11:49
163,rb2210,SHFE,0_0_       98659,      347109,空,平今,4884.0,3,2022-04-11 21:12:13
164,rb2210,SHFE,0_0_      103112,      352429,多,平今,4891.000000000001,1,2022-04-11 21:12:31
165,rb2210,SHFE,0_0_      103241,      352510,空,平今,4892.0,1,2022-04-11 21:12:31
166,rb2210,SHFE,0_0_      103314,      352526,多,平今,4891.0,1,2022-04-11 21:12:31
167,rb2210,SHFE,0_0_      103327,      352602,空,平今,4892.0,1,2022-04-11 21:12:32
168,rb2210,SHFE,0_0_      103367,      352722,多,平今,4891.0,1,2022-04-11 21:12:32
169,rb2210,SHFE,0_0_      103493,      352761,空,平今,4892.0,1,2022-04-11 21:12:32
170,rb2210,SHFE,0_0_      103499,      352928,多,平今,4891.0,1,2022-04-11 21:12:33
171,rb2210,SHFE,0_0_      103585,      353106,空,平今,4892.0,1,2022-04-11 21:12:33
172,rb2210,SHFE,0_0_      103751,      353113,多,平今,4891.0,1,2022-04-11 21:12:33
173,rb2210,SHFE,0_0_      103756,      353320,空,平今,4892.0,1,2022-04-11 21:12:34
174,rb2210,SHFE,0_0_      103991,      353356,多,平今,4891.0,1,2022-04-11 21:12:34
175,rb2210,SHFE,0_0_      113034,      362674,空,开,4885.0,2,2022-04-11 21:13:15
176,rb2210,SHFE,0_0_      113034,      362736,空,开,4885.0,1,2022-04-11 21:13:16
177,rb2210,SHFE,0_0_      113034,      362738,空,开,4885.0,1,2022-04-11 21:13:16
178,rb2210,SHFE,0_0_      115699,      366674,多,平今,4881.0,3,2022-04-11 21:13:31
179,rb2210,SHFE,0_0_      115742,      366841,空,开,4882.0,1,2022-04-11 21:13:32
180,rb2210,SHFE,0_0_      115742,      366861,空,开,4882.0,2,2022-04-11 21:13:32
181,rb2210,SHFE,0_0_      115858,      368004,多,平今,4881.0,3,2022-04-11 21:13:34
182,rb2210,SHFE,0_0_      116296,      368140,空,开,4882.0,3,2022-04-11 21:13:35
183,rb2210,SHFE,0_0_      124957,      388552,多,平今,4873.0,1,2022-04-11 21:14:32
184,rb2210,SHFE,0_0_      124957,      388558,多,平今,4873.0,3,2022-04-11 21:14:32
185,rb2210,SHFE,0_0_      125117,      389103,空,开,4873.0,4,2022-04-11 21:14:33
186,rb2210,SHFE,0_0_      127080,      393519,多,平今,4874.0,1,2022-04-11 21:14:47
187,rb2210,SHFE,0_0_      127736,      394715,多,开,4874.0,2,2022-04-11 21:14:49
188,rb2210,SHFE,0_0_      127886,      394793,多,开,4874.0,1,2022-04-11 21:14:49
189,rb2210,SHFE,0_0_      127886,      394794,多,开,4874.0,1,2022-04-11 21:14:49
190,rb2210,SHFE,0_0_      127886,      394795,多,开,4874.0,1,2022-04-11 21:14:49
191,rb2210,SHFE,0_0_      125126,      396631,多,平今,4872.0,4,2022-04-11 21:14:56
192,rb2210,SHFE,0_0_      128806,      396744,空,开,4873.0,7,2022-04-11 21:14:56
193,rb2210,SHFE,0_0_      132874,      405886,多,平今,4877.0,1,2022-04-11 21:15:16
194,rb2210,SHFE,0_0_      152640,      433108,空,平今,4882.0,2,2022-04-11 21:17:21
195,rb2210,SHFE,0_0_      165811,      452019,空,平今,4884.0,1,2022-04-11 21:18:55
196,rb2210,SHFE,0_0_      165971,      452199,多,开,4883.0,5,2022-04-11 21:18:56
197,rb2210,SHFE,0_0_      183426,      473514,空,平今,4886.0,2,2022-04-11 21:20:40
198,rb2210,SHFE,0_0_      185520,      476573,多,平今,4886.0,1,2022-04-11 21:21:00
199,rb2210,SHFE,0_0_      186208,      478845,多,开,4886.0,3,2022-04-11 21:21:11
200,rb2210,SHFE,0_0_      188102,      478875,空,平今,4887.0,5,2022-04-11 21:21:11
201,rb2210,SHFE,0_0_      188118,      479229,多,开,4886.0,5,2022-04-11 21:21:14
202,rb2210,SHFE,0_0_      188444,      480167,空,平今,4887.0,1,2022-04-11 21:21:16
203,rb2210,SHFE,0_0_      189097,      481201,多,平今,4886.0,1,2022-04-11 21:21:21
204,rb2210,SHFE,0_0_      177193,      484212,多,平今,4883.0,1,2022-04-11 21:21:41
205,rb2210,SHFE,0_0_      177193,      484240,多,平今,4883.0,1,2022-04-11 21:21:41
206,rb2210,SHFE,0_0_      177193,      484339,多,平今,4883.0,1,2022-04-11 21:21:42
207,rb2210,SHFE,0_0_      177193,      484400,多,平今,4883.0,1,2022-04-11 21:21:42
208,rb2210,SHFE,0_0_      191934,      485134,空,平今,4884.0,1,2022-04-11 21:21:48
209,rb2210,SHFE,0_0_      191934,      485218,空,平今,4884.0,1,2022-04-11 21:21:49
210,rb2210,SHFE,0_0_      198760,      493203,空,平今,4887.0,1,2022-04-11 21:22:26
211,rb2210,SHFE,0_0_      192703,      499642,多,开,4884.0,1,2022-04-11 21:23:10
212,rb2210,SHFE,0_0_      205477,      499691,空,平今,4885.0,1,2022-04-11 21:23:11
213,rb2210,SHFE,0_0_      214216,      517112,空,平今,4882.0,1,2022-04-11 21:25:00
214,rb2210,SHFE,0_0_      214216,      517113,空,平今,4882.0,3,2022-04-11 21:25:00
215,rb2210,SHFE,0_0_      219359,      517118,多,开,4881.0,4,2022-04-11 21:25:00
216,rb2210,SHFE,0_0_      228447,      528481,空,平今,4878.0,1,2022-04-11 21:26:01
217,rb2210,SHFE,0_0_      237425,      538405,多,开,4879.0,1,2022-04-11 21:27:17
218,rb2210,SHFE,0_0_      238217,      539345,空,平今,4879.0,1,2022-04-11 21:27:24
219,rb2210,SHFE,0_0_      243732,      546199,空,平今,4878.0,3,2022-04-11 21:27:58
220,rb2210,SHFE,0_0_      251222,      557111,多,开,4878.0,1,2022-04-11 21:28:59
221,rb2210,SHFE,0_0_      251222,      557119,多,开,4878.0,1,2022-04-11 21:28:59
222,rb2210,SHFE,0_0_      251705,      558576,空,平今,4879.0,1,2022-04-11 21:29:06
223,rb2210,SHFE,0_0_      251705,      558616,空,平今,4879.0,1,2022-04-11 21:29:06
224,rb2210,SHFE,0_0_      252583,      559700,多,开,4878.0,1,2022-04-11 21:29:14
225,rb2210,SHFE,0_0_      259454,      568476,多,开,4879.0,1,2022-04-11 21:30:05
226,rb2210,SHFE,0_0_      289254,      609107,空,平今,4886.0,1,2022-04-11 21:33:22
227,rb2210,SHFE,0_0_      293168,      614211,多,开,4886.0,2,2022-04-11 21:33:56
228,rb2210,SHFE,0_0_      295106,      617177,多,开,4887.0,1,2022-04-11 21:34:17
229,rb2210,SHFE,0_0_      304415,      632912,空,平今,4885.0,1,2022-04-11 21:35:35
230,rb2210,SHFE,0_0_      305964,      633073,多,开,4884.0,1,2022-04-11 21:35:36
231,rb2210,SHFE,0_0_      280565,      633749,多,开,4882.0,1,2022-04-11 21:35:37
232,rb2210,SHFE,0_0_      280565,      633761,多,开,4882.0,1,2022-04-11 21:35:37
233,rb2210,SHFE,0_0_      280565,      633863,多,开,4882.0,1,2022-04-11 21:35:38
234,rb2210,SHFE,0_0_      280565,      633864,多,开,4882.0,1,2022-04-11 21:35:38
235,rb2210,SHFE,0_0_      306601,      634962,空,平今,4883.0,2,2022-04-11 21:35:43
236,rb2210,SHFE,0_0_      306699,      634975,空,平今,4883.0,4,2022-04-11 21:35:43
237,rb2210,SHFE,0_0_      307728,      635358,空,开,4883.0,2,2022-04-11 21:35:44
238,rb2210,SHFE,0_0_      307599,      636591,多,开,4882.0,2,2022-04-11 21:35:49
239,rb2210,SHFE,0_0_      308049,      637090,空,开,4883.0,2,2022-04-11 21:35:50
240,rb2210,SHFE,0_0_      309222,      638462,多,平今,4882.0,2,2022-04-11 21:35:57
241,rb2210,SHFE,0_0_      309994,      640394,空,平今,4883.0,2,2022-04-11 21:36:06
242,rb2210,SHFE,0_0_      312353,      642319,多,平今,4882.0,1,2022-04-11 21:36:12
243,rb2210,SHFE,0_0_      337775,      675541,空,平今,4890.0,1,2022-04-11 21:38:50
244,rb2210,SHFE,0_0_      337926,      675869,多,开,4890.0,3,2022-04-11 21:38:52
245,rb2210,SHFE,0_0_      338038,      677087,空,平今,4891.0,3,2022-04-11 21:38:59
246,rb2210,SHFE,0_0_      339079,      677390,多,开,4890.0,2,2022-04-11 21:39:00
247,rb2210,SHFE,0_0_      339079,      677398,多,开,4890.0,1,2022-04-11 21:39:00
248,rb2210,SHFE,0_0_      339861,      678285,多,开,4892.000000000001,1,2022-04-11 21:39:03
249,rb2210,SHFE,0_0_      340733,      679845,空,平今,4894.0,3,2022-04-11 21:39:07
250,rb2210,SHFE,0_0_      340911,      680022,空,开,4894.0,3,2022-04-11 21:39:08
251,rb2210,SHFE,0_0_      350903,      691583,多,平今,4892.0,2,2022-04-11 21:40:15
252,rb2210,SHFE,0_0_      350903,      691584,多,平今,4892.0,1,2022-04-11 21:40:15
253,rb2210,SHFE,0_0_      367741,      710458,空,平今,4891.0,2,2022-04-11 21:41:53
254,rb2210,SHFE,0_0_      368355,      710508,多,开,4890.0,3,2022-04-11 21:41:53
255,rb2210,SHFE,0_0_      368434,      711021,空,平今,4891.0,2,2022-04-11 21:41:55
256,rb2210,SHFE,0_0_      369109,      711896,多,开,4890.0,1,2022-04-11 21:42:01
257,rb2210,SHFE,0_0_      369109,      712017,多,开,4890.0,1,2022-04-11 21:42:01
258,rb2210,SHFE,0_0_      369109,      712206,多,开,4890.0,1,2022-04-11 21:42:03
259,rb2210,SHFE,0_0_      370360,      712270,空,平今,4891.000000000001,1,2022-04-11 21:42:03
260,rb2210,SHFE,0_0_      351039,      720353,空,开,4893.0,3,2022-04-11 21:42:54
261,rb2210,SHFE,0_0_      370415,      722193,多,开,4890.0,1,2022-04-11 21:43:05
262,rb2210,SHFE,0_0_      370415,      722213,多,开,4890.0,1,2022-04-11 21:43:05
263,rb2210,SHFE,0_0_      370415,      722259,多,开,4890.0,1,2022-04-11 21:43:05
264,rb2210,SHFE,0_0_      370415,      722329,多,开,4890.0,1,2022-04-11 21:43:06
265,rb2210,SHFE,0_0_      370415,      722330,多,开,4890.0,1,2022-04-11 21:43:06
266,rb2210,SHFE,0_0_      380991,      723073,空,平今,4891.0,1,2022-04-11 21:43:13
267,rb2210,SHFE,0_0_      381135,      723201,空,平今,4891.0,1,2022-04-11 21:43:14
268,rb2210,SHFE,0_0_      381135,      723222,空,平今,4891.0,2,2022-04-11 21:43:14
269,rb2210,SHFE,0_0_      387770,      731576,多,开,4892.0,3,2022-04-11 21:44:00
270,rb2210,SHFE,0_0_      383594,      735475,多,平今,4890.0,2,2022-04-11 21:44:26
271,rb2210,SHFE,0_0_      383594,      735490,多,平今,4890.0,1,2022-04-11 21:44:26
272,rb2210,SHFE,0_0_      392590,      751503,空,开,4891.0,4,2022-04-11 21:45:50
273,rb2210,SHFE,0_0_      409757,      756394,空,平今,4892.0,1,2022-04-11 21:46:15
274,rb2210,SHFE,0_0_      409757,      756395,空,平今,4892.0,1,2022-04-11 21:46:15
275,rb2210,SHFE,0_0_      409757,      756396,空,平今,4892.0,1,2022-04-11 21:46:15
276,rb2210,SHFE,0_0_      409757,      756397,空,平今,4892.0,1,2022-04-11 21:46:15
277,rb2210,SHFE,0_0_      405574,      756473,多,平今,4891.0,1,2022-04-11 21:46:16
278,rb2210,SHFE,0_0_      405574,      756474,多,平今,4891.0,1,2022-04-11 21:46:16
279,rb2210,SHFE,0_0_      405574,      756475,多,平今,4891.0,1,2022-04-11 21:46:16
280,rb2210,SHFE,0_0_      405574,      756476,多,平今,4891.0,1,2022-04-11 21:46:16
281,rb2210,SHFE,0_0_      413025,      762407,空,平今,4893.0,3,2022-04-11 21:46:54
282,rb2210,SHFE,0_0_      418960,      768613,多,开,4896.000000000001,3,2022-04-11 21:47:25
283,rb2210,SHFE,0_0_      421521,      773135,空,平今,4901.0,2,2022-04-11 21:47:41
284,rb2210,SHFE,0_0_      421587,      773361,多,开,4900.0,2,2022-04-11 21:47:41
285,rb2210,SHFE,0_0_      421695,      774376,空,平今,4901.0,2,2022-04-11 21:47:46
286,rb2210,SHFE,0_0_      422382,      775279,多,开,4900.0,2,2022-04-11 21:47:50
287,rb2210,SHFE,0_0_      422766,      775314,空,平今,4901.0,1,2022-04-11 21:47:50
288,rb2210,SHFE,0_0_      423022,      775797,多,开,4902.0,1,2022-04-11 21:47:52
289,rb2210,SHFE,0_0_      422870,      777978,多,平今,4900.0,1,2022-04-11 21:48:00
290,rb2210,SHFE,0_0_      424365,      778052,空,平今,4901.0,1,2022-04-11 21:48:00
291,rb2210,SHFE,0_0_      424395,      780223,多,开,4901.0,2,2022-04-11 21:48:05
292,rb2210,SHFE,0_0_      424395,      780236,多,开,4901.0,1,2022-04-11 21:48:05
293,rb2210,SHFE,0_0_      424395,      780249,多,开,4901.0,1,2022-04-11 21:48:05
294,rb2210,SHFE,0_0_      423072,      781047,空,平今,4903.0,1,2022-04-11 21:48:07
295,rb2210,SHFE,0_0_      425744,      781072,多,开,4902.0,1,2022-04-11 21:48:07
296,rb2210,SHFE,0_0_      425745,      781169,空,平今,4903.0,1,2022-04-11 21:48:07
297,rb2210,SHFE,0_0_      425747,      781292,多,开,4902.0,1,2022-04-11 21:48:07
298,rb2210,SHFE,0_0_      425766,      781403,空,平今,4903.0,1,2022-04-11 21:48:08
299,rb2210,SHFE,0_0_      427189,      783781,多,开,4903.0,1,2022-04-11 21:48:16
300,rb2210,SHFE,0_0_      428450,      785535,空,平今,4904.0,1,2022-04-11 21:48:22
301,rb2210,SHFE,0_0_      428669,      785919,多,开,4904.0,1,2022-04-11 21:48:23
302,rb2210,SHFE,0_0_      428801,      786768,空,平今,4904.0,2,2022-04-11 21:48:25
303,rb2210,SHFE,0_0_      429591,      787445,空,平今,4904.0,2,2022-04-11 21:48:26
304,rb2210,SHFE,0_0_      429674,      787978,多,开,4903.0,1,2022-04-11 21:48:28
305,rb2210,SHFE,0_0_      429674,      787983,多,开,4903.0,1,2022-04-11 21:48:28
306,rb2210,SHFE,0_0_      429674,      787999,多,开,4903.0,1,2022-04-11 21:48:28
307,rb2210,SHFE,0_0_      429674,      788030,多,开,4903.0,1,2022-04-11 21:48:28
308,rb2210,SHFE,0_0_      426800,      793058,多,开,4902.0,1,2022-04-11 21:48:46
309,rb2210,SHFE,0_0_      435293,      795015,空,平今,4901.0,3,2022-04-11 21:48:53
310,rb2210,SHFE,0_0_      436851,      796508,多,开,4899.0,4,2022-04-11 21:48:57
311,rb2210,SHFE,0_0_      441793,      806020,空,平今,4899.000000000001,4,2022-04-11 21:49:30
312,rb2210,SHFE,0_0_      443537,      806081,多,开,4898.0,4,2022-04-11 21:49:31
313,rb2210,SHFE,0_0_      443748,      806648,空,平今,4899.0,2,2022-04-11 21:49:34
314,rb2210,SHFE,0_0_      443880,      808821,多,开,4898.0,2,2022-04-11 21:49:46
315,rb2210,SHFE,0_0_      444716,      809064,空,平今,4899.0,3,2022-04-11 21:49:46
316,rb2210,SHFE,0_0_      444755,      809685,多,开,4898.0,1,2022-04-11 21:49:48
317,rb2210,SHFE,0_0_      444755,      809960,多,开,4898.0,2,2022-04-11 21:49:49
318,rb2210,SHFE,0_0_      446290,      812952,空,平今,4900.0,4,2022-04-11 21:50:03
319,rb2210,SHFE,0_0_      447612,      813005,多,开,4900.0,3,2022-04-11 21:50:04
320,rb2210,SHFE,0_0_      459202,      826292,空,开,4903.0,3,2022-04-11 21:51:13
321,rb2210,SHFE,0_0_      461487,      827887,空,平今,4902.0,1,2022-04-11 21:51:20
322,rb2210,SHFE,0_0_      461962,      828945,空,开,4902.0,2,2022-04-11 21:51:23
323,rb2210,SHFE,0_0_      461962,      828987,空,开,4902.0,2,2022-04-11 21:51:23
324,rb2210,SHFE,0_0_      465649,      832140,多,平今,4900.0,1,2022-04-11 21:51:40
325,rb2210,SHFE,0_0_      465649,      832142,多,平今,4900.0,1,2022-04-11 21:51:40
326,rb2210,SHFE,0_0_      465649,      832143,多,平今,4900.0,1,2022-04-11 21:51:40
327,rb2210,SHFE,0_0_      465649,      832149,多,平今,4900.0,3,2022-04-11 21:51:40
328,rb2210,SHFE,0_0_      467714,      833964,空,开,4899.0,4,2022-04-11 21:51:49
329,rb2210,SHFE,0_0_      454930,      844607,空,平今,4904.0,1,2022-04-11 21:52:33
330,rb2210,SHFE,0_0_      475500,      847065,多,平今,4903.0,1,2022-04-11 21:52:44
331,rb2210,SHFE,0_0_      477544,      847377,空,平今,4904.0,1,2022-04-11 21:52:46
332,rb2210,SHFE,0_0_      481320,      851318,多,平今,4902.0,1,2022-04-11 21:53:09
333,rb2210,SHFE,0_0_      481320,      851322,多,平今,4902.0,1,2022-04-11 21:53:10
334,rb2210,SHFE,0_0_      481552,      851621,多,平今,4902.0,2,2022-04-11 21:53:11
335,rb2210,SHFE,0_0_      481574,      851813,空,开,4902.0,4,2022-04-11 21:53:12
336,rb2210,SHFE,0_0_      481574,      851815,空,开,4902.0,1,2022-04-11 21:53:12
337,rb2210,SHFE,0_0_      483258,      854683,多,平今,4900.0,2,2022-04-11 21:53:29
338,rb2210,SHFE,0_0_      484181,      854685,空,平今,4901.0,2,2022-04-11 21:53:29
339,rb2210,SHFE,0_0_      494412,      867709,多,平今,4901.0,1,2022-04-11 21:54:35
340,rb2210,SHFE,0_0_      494412,      867720,多,平今,4901.0,1,2022-04-11 21:54:35
341,rb2210,SHFE,0_0_      495212,      868507,空,平今,4902.0,2,2022-04-11 21:54:37
342,rb2210,SHFE,0_0_      496551,      870462,多,开,4902.0,3,2022-04-11 21:54:48
343,rb2210,SHFE,0_0_      497572,      871072,空,平今,4903.0,3,2022-04-11 21:54:51
344,rb2210,SHFE,0_0_      498731,      872326,多,平今,4902.0,1,2022-04-11 21:54:59
345,rb2210,SHFE,0_0_      521264,      900587,多,开,4898.0,1,2022-04-11 21:57:30
346,rb2210,SHFE,0_0_      521988,      901381,空,平今,4899.0,1,2022-04-11 21:57:33
347,rb2210,SHFE,0_0_      522754,      902002,多,开,4898.000000000001,1,2022-04-11 21:57:39
348,rb2210,SHFE,0_0_      524005,      903850,空,平今,4899.0,1,2022-04-11 21:57:52
349,rb2210,SHFE,0_0_      533116,      912762,多,开,4905.0,7,2022-04-11 21:58:33
350,rb2210,SHFE,0_0_      534500,      917222,空,平今,4909.0,3,2022-04-11 21:58:44
351,rb2210,SHFE,0_0_      535642,      918252,空,平今,4909.0,2,2022-04-11 21:58:48
352,rb2210,SHFE,0_0_      537089,      919466,空,开,4908.000000000001,4,2022-04-11 21:58:54
353,rb2210,SHFE,0_0_      542932,      927184,多,平今,4907.0,3,2022-04-11 21:59:35
354,rb2210,SHFE,0_0_      544149,      927617,多,开,4907.0,4,2022-04-11 21:59:39
355,rb2210,SHFE,0_0_      544638,      928923,空,平今,4908.0,4,2022-04-11 21:59:47
356,rb2210,SHFE,0_0_      547480,      931050,多,平今,4908.0,1,2022-04-11 21:59:59
357,rb2210,SHFE,0_0_      547688,      931954,空,开,4909.0,6,2022-04-11 22:00:00
358,rb2210,SHFE,0_0_      548079,      932846,多,平今,4909.0,1,2022-04-11 22:00:01
359,rb2210,SHFE,0_0_      549452,      934241,多,平今,4908.0,3,2022-04-11 22:00:05
360,rb2210,SHFE,0_0_      549452,      934242,多,平今,4908.0,2,2022-04-11 22:00:05
361,rb2210,SHFE,0_0_      549472,      934357,多,开,4908.0,3,2022-04-11 22:00:06
362,rb2210,SHFE,0_0_      549623,      934729,空,平今,4909.0,2,2022-04-11 22:00:08
363,rb2210,SHFE,0_0_      550118,      935308,空,平今,4909.0,2,2022-04-11 22:00:10
364,rb2210,SHFE,0_0_      553955,      940338,多,开,4909.0,1,2022-04-11 22:00:30
365,rb2210,SHFE,0_0_      555914,      946890,多,开,4910.0,2,2022-04-11 22:00:48
366,rb2210,SHFE,0_0_      575212,      968882,空,开,4906.0,4,2022-04-11 22:02:40
367,rb2210,SHFE,0_0_      586327,      979898,多,平今,4907.0,1,2022-04-11 22:03:58
368,rb2210,SHFE,0_0_      557960,      981051,空,平今,4911.0,3,2022-04-11 22:04:04
369,rb2210,SHFE,0_0_      587446,      981591,多,平今,4911.0,1,2022-04-11 22:04:08
370,rb2210,SHFE,0_0_      589593,      984282,多,开,4910.0,1,2022-04-11 22:04:30
371,rb2210,SHFE,0_0_      589593,      984283,多,开,4910.0,2,2022-04-11 22:04:30
372,rb2210,SHFE,0_0_      591084,      986055,空,平今,4910.0,3,2022-04-11 22:04:44
373,rb2210,SHFE,0_0_      591528,      986340,多,开,4909.0,3,2022-04-11 22:04:46
374,rb2210,SHFE,0_0_      586822,      986468,多,平今,4908.0,1,2022-04-11 22:04:47
375,rb2210,SHFE,0_0_      586822,      986521,多,平今,4908.0,1,2022-04-11 22:04:47
376,rb2210,SHFE,0_0_      592009,      986526,空,平今,4909.0,1,2022-04-11 22:04:47
377,rb2210,SHFE,0_0_      591825,      986558,空,平今,4910.0,3,2022-04-11 22:04:47
378,rb2210,SHFE,0_0_      592011,      986671,多,开,4909.0,3,2022-04-11 22:04:48
379,rb2210,SHFE,0_0_      592125,      986704,空,平今,4910.0,3,2022-04-11 22:04:48
380,rb2210,SHFE,0_0_      592133,      986758,多,开,4909.0,2,2022-04-11 22:04:48
381,rb2210,SHFE,0_0_      592133,      986771,多,开,4909.0,1,2022-04-11 22:04:48
382,rb2210,SHFE,0_0_      592153,      986802,空,平今,4910.0,3,2022-04-11 22:04:49
383,rb2210,SHFE,0_0_      592224,      987424,多,开,4909.0,1,2022-04-11 22:04:53
384,rb2210,SHFE,0_0_      592224,      987429,多,开,4909.0,1,2022-04-11 22:04:53
385,rb2210,SHFE,0_0_      592224,      987460,多,开,4909.0,1,2022-04-11 22:04:53
386,rb2210,SHFE,0_0_      592224,      987477,多,开,4909.0,1,2022-04-11 22:04:53
387,rb2210,SHFE,0_0_      592920,      987718,空,平今,4910.0,1,2022-04-11 22:04:56
388,rb2210,SHFE,0_0_      593226,      987759,多,开,4909.0,1,2022-04-11 22:04:56
389,rb2210,SHFE,0_0_      593279,      987828,空,平今,4910.0,1,2022-04-11 22:04:56
390,rb2210,SHFE,0_0_      593309,      987842,多,开,4909.0,1,2022-04-11 22:04:56
391,rb2210,SHFE,0_0_      593329,      987873,空,平今,4910.0,1,2022-04-11 22:04:57
392,rb2210,SHFE,0_0_      593884,      989364,空,平今,4910.0,3,2022-04-11 22:05:06
393,rb2210,SHFE,0_0_      596672,      991511,多,开,4909.0,3,2022-04-11 22:05:24
394,rb2210,SHFE,0_0_      613244,     1007664,空,开,4914.0,3,2022-04-11 22:07:12
395,rb2210,SHFE,0_0_      613481,     1007978,多,平今,4913.0,3,2022-04-11 22:07:14
396,rb2210,SHFE,0_0_      611635,     1011524,多,开,4912.0,5,2022-04-11 22:07:31
397,rb2210,SHFE,0_0_      616324,     1012315,空,平今,4913.0,4,2022-04-11 22:07:35
398,rb2210,SHFE,0_0_      619716,     1016190,空,平今,4912.0,1,2022-04-11 22:07:56
399,rb2210,SHFE,0_0_      612737,     1020615,空,平今,4916.0,1,2022-04-11 22:08:09
400,rb2210,SHFE,0_0_      624359,     1022561,空,开,4917.0,6,2022-04-11 22:08:15
401,rb2210,SHFE,0_0_      624531,     1022728,多,平今,4916.0,6,2022-04-11 22:08:15
402,rb2210,SHFE,0_0_      624600,     1022745,空,开,4917.0,3,2022-04-11 22:08:15
403,rb2210,SHFE,0_0_      624600,     1022748,空,开,4917.0,3,2022-04-11 22:08:15
404,rb2210,SHFE,0_0_      624600,     1022749,空,开,4917.0,2,2022-04-11 22:08:15
405,rb2210,SHFE,0_0_      624602,     1022756,多,平今,4916.0,2,2022-04-11 22:08:15
406,rb2210,SHFE,0_0_      624602,     1022758,多,平今,4916.0,1,2022-04-11 22:08:15
407,rb2210,SHFE,0_0_      624602,     1022819,多,平今,4916.0,5,2022-04-11 22:08:15
408,rb2210,SHFE,0_0_      624616,     1023158,空,开,4917.0,8,2022-04-11 22:08:17
409,rb2210,SHFE,0_0_      624773,     1023179,多,平今,4916.0,1,2022-04-11 22:08:17
410,rb2210,SHFE,0_0_      624773,     1023192,多,平今,4916.0,1,2022-04-11 22:08:17
411,rb2210,SHFE,0_0_      624809,     1023264,多,平今,4916.0,1,2022-04-11 22:08:17
412,rb2210,SHFE,0_0_      624644,     1023354,多,开,4915.0,2,2022-04-11 22:08:18
413,rb2210,SHFE,0_0_      625067,     1023606,空,平今,4916.0,4,2022-04-11 22:08:19
414,rb2210,SHFE,0_0_      625182,     1023626,多,平今,4915.0,2,2022-04-11 22:08:19
415,rb2210,SHFE,0_0_      625182,     1023646,多,平今,4915.0,1,2022-04-11 22:08:19
416,rb2210,SHFE,0_0_      625185,     1023663,空,开,4916.0,3,2022-04-11 22:08:19
417,rb2210,SHFE,0_0_      625192,     1023914,多,平今,4915.0,1,2022-04-11 22:08:21
418,rb2210,SHFE,0_0_      625192,     1023917,多,平今,4915.0,1,2022-04-11 22:08:21
419,rb2210,SHFE,0_0_      625192,     1023988,多,平今,4915.0,1,2022-04-11 22:08:21
420,rb2210,SHFE,0_0_      625451,     1023996,空,开,4916.0,1,2022-04-11 22:08:21
421,rb2210,SHFE,0_0_      625452,     1027764,多,平今,4915.0,1,2022-04-11 22:08:35
422,rb2210,SHFE,0_0_      628294,     1027920,空,开,4916.0,2,2022-04-11 22:08:36
423,rb2210,SHFE,0_0_      628509,     1027995,多,平今,4916.0,4,2022-04-11 22:08:36
424,rb2210,SHFE,0_0_      629814,     1030206,空,开,4915.0,2,2022-04-11 22:08:49
425,rb2210,SHFE,0_0_      630090,     1030341,多,开,4914.0,3,2022-04-11 22:08:50
426,rb2210,SHFE,0_0_      630387,     1032022,空,平今,4915.0,2,2022-04-11 22:08:57
427,rb2210,SHFE,0_0_      632302,     1036685,多,平今,4917.0,1,2022-04-11 22:09:08
428,rb2210,SHFE,0_0_      633138,     1037026,多,开,4917.0,3,2022-04-11 22:09:08
429,rb2210,SHFE,0_0_      635668,     1041513,空,平今,4918.000000000001,1,2022-04-11 22:09:23
430,rb2210,SHFE,0_0_      636387,     1043303,空,开,4918.0,4,2022-04-11 22:09:34
431,rb2210,SHFE,0_0_      638027,     1046096,多,平今,4917.0,5,2022-04-11 22:09:49
432,rb2210,SHFE,0_0_      640494,     1047145,空,开,4918.0,4,2022-04-11 22:09:54
433,rb2210,SHFE,0_0_      641450,     1048212,多,平今,4917.0,1,2022-04-11 22:09:59
434,rb2210,SHFE,0_0_      641450,     1048382,多,平今,4917.0,1,2022-04-11 22:10:00
435,rb2210,SHFE,0_0_      641450,     1052143,多,平今,4917.0,1,2022-04-11 22:10:11
436,rb2210,SHFE,0_0_      641450,     1054634,多,平今,4917.0,1,2022-04-11 22:10:21
437,rb2210,SHFE,0_0_      646707,     1055147,空,平今,4917.0,1,2022-04-11 22:10:23
438,rb2210,SHFE,0_0_      648415,     1062642,空,开,4917.0,8,2022-04-11 22:11:12
439,rb2210,SHFE,0_0_      653257,     1062764,多,平今,4916.0,2,2022-04-11 22:11:12
440,rb2210,SHFE,0_0_      653335,     1063123,多,平今,4916.0,4,2022-04-11 22:11:14
441,rb2210,SHFE,0_0_      653688,     1070295,空,开,4917.0,3,2022-04-11 22:12:01
442,rb2210,SHFE,0_0_      659978,     1072268,多,平今,4916.0,1,2022-04-11 22:12:07
443,rb2210,SHFE,0_0_      620435,     1075165,多,开,4913.0,4,2022-04-11 22:12:26
444,rb2210,SHFE,0_0_      663931,     1076029,空,平今,4914.0,4,2022-04-11 22:12:29
445,rb2210,SHFE,0_0_      665448,     1076947,多,平今,4915.0,1,2022-04-11 22:12:33
446,rb2210,SHFE,0_0_      665448,     1076948,多,平今,4915.0,2,2022-04-11 22:12:33
447,rb2210,SHFE,0_0_      665448,     1076967,多,平今,4915.0,1,2022-04-11 22:12:34
448,rb2210,SHFE,0_0_      661615,     1077448,空,平今,4916.0,1,2022-04-11 22:12:37
449,rb2210,SHFE,0_0_      661680,     1077456,空,开,4916.0,2,2022-04-11 22:12:37
450,rb2210,SHFE,0_0_      671058,     1083308,空,开,4919.0,2,2022-04-11 22:13:15
451,rb2210,SHFE,0_0_      672274,     1084906,空,平今,4919.0,1,2022-04-11 22:13:25
452,rb2210,SHFE,0_0_      674161,     1086545,空,开,4919.000000000001,1,2022-04-11 22:13:38
453,rb2210,SHFE,0_0_      675631,     1089801,多,平今,4919.0,4,2022-04-11 22:13:57
454,rb2210,SHFE,0_0_      665999,     1091939,多,平今,4915.0,1,2022-04-11 22:14:08
455,rb2210,SHFE,0_0_      667989,     1092167,多,开,4915.0,2,2022-04-11 22:14:09
456,rb2210,SHFE,0_0_      667989,     1092177,多,开,4915.0,1,2022-04-11 22:14:09
457,rb2210,SHFE,0_0_      667989,     1092179,多,开,4915.0,1,2022-04-11 22:14:09
458,rb2210,SHFE,0_0_      677787,     1092181,空,平今,4916.0,4,2022-04-11 22:14:09
459,rb2210,SHFE,0_0_      676390,     1093056,空,开,4919.0,2,2022-04-11 22:14:13
460,rb2210,SHFE,0_0_      678849,     1093387,空,开,4919.0,2,2022-04-11 22:14:15
461,rb2210,SHFE,0_0_      678558,     1096334,多,平今,4918.0,2,2022-04-11 22:14:33
462,rb2210,SHFE,0_0_      681416,     1100921,多,平今,4918.0,1,2022-04-11 22:14:58
463,rb2210,SHFE,0_0_      681416,     1100929,多,平今,4918.0,1,2022-04-11 22:14:58
464,rb2210,SHFE,0_0_      684219,     1101796,空,开,4918.0,6,2022-04-11 22:15:00
465,rb2210,SHFE,0_0_      684652,     1102399,多,平今,4918.0,3,2022-04-11 22:15:01
466,rb2210,SHFE,0_0_      677788,     1107000,多,开,4915.0,2,2022-04-11 22:15:16
467,rb2210,SHFE,0_0_      688206,     1108943,空,平今,4916.0,2,2022-04-11 22:15:28
468,rb2210,SHFE,0_0_      689658,     1109008,多,平今,4915.0,2,2022-04-11 22:15:29
469,rb2210,SHFE,0_0_      695255,     1117114,多,平今,4911.0,1,2022-04-11 22:16:21
470,rb2210,SHFE,0_0_      695287,     1118027,空,开,4912.0,1,2022-04-11 22:16:28
471,rb2210,SHFE,0_0_      698333,     1122024,空,开,4911.0,1,2022-04-11 22:16:57
472,rb2210,SHFE,0_0_      706368,     1130317,多,平今,4907.0,1,2022-04-11 22:17:47
473,rb2210,SHFE,0_0_      706368,     1130319,多,平今,4907.0,1,2022-04-11 22:17:47
474,rb2210,SHFE,0_0_      718725,     1143453,多,开,4913.0,2,2022-04-11 22:19:13
475,rb2210,SHFE,0_0_      718725,     1143460,多,开,4913.0,1,2022-04-11 22:19:13
476,rb2210,SHFE,0_0_      719110,     1144424,空,平今,4914.000000000001,3,2022-04-11 22:19:20
477,rb2210,SHFE,0_0_      721013,     1154145,多,开,4913.0,1,2022-04-11 22:20:15
478,rb2210,SHFE,0_0_      734601,     1159979,多,开,4912.0,2,2022-04-11 22:20:56
479,rb2210,SHFE,0_0_      729676,     1161714,空,开,4914.0,1,2022-04-11 22:21:11
480,rb2210,SHFE,0_0_      729676,     1161716,空,开,4914.0,1,2022-04-11 22:21:11
481,rb2210,SHFE,0_0_      729676,     1161717,空,开,4914.0,1,2022-04-11 22:21:11
482,rb2210,SHFE,0_0_      729676,     1161718,空,开,4914.0,1,2022-04-11 22:21:11
483,rb2210,SHFE,0_0_      737910,     1161857,多,平今,4913.0,4,2022-04-11 22:21:12
484,rb2210,SHFE,0_0_      738014,     1162842,空,开,4914.0,3,2022-04-11 22:21:20
485,rb2210,SHFE,0_0_      738014,     1162843,空,开,4914.0,1,2022-04-11 22:21:20
486,rb2210,SHFE,0_0_      738017,     1162845,空,平今,4914.0,1,2022-04-11 22:21:20
487,rb2210,SHFE,0_0_      738889,     1162855,多,开,4913.0,5,2022-04-11 22:21:20
488,rb2210,SHFE,0_0_      746271,     1169797,空,平今,4913.0,7,2022-04-11 22:22:22
489,rb2210,SHFE,0_0_      689738,     1172082,空,开,4916.0,1,2022-04-11 22:22:39
490,rb2210,SHFE,0_0_      689738,     1172083,空,开,4916.0,2,2022-04-11 22:22:39
491,rb2210,SHFE,0_0_      749407,     1174160,多,开,4916.0,1,2022-04-11 22:22:53
492,rb2210,SHFE,0_0_      749407,     1174322,多,开,4916.0,1,2022-04-11 22:22:55
493,rb2210,SHFE,0_0_      749407,     1174375,多,开,4916.0,1,2022-04-11 22:22:56
494,rb2210,SHFE,0_0_      749407,     1174408,多,开,4916.0,1,2022-04-11 22:22:56
495,rb2210,SHFE,0_0_      749407,     1174488,多,开,4916.0,1,2022-04-11 22:22:57
496,rb2210,SHFE,0_0_      749407,     1174545,多,开,4916.0,1,2022-04-11 22:22:58
497,rb2210,SHFE,0_0_      749407,     1174631,多,开,4916.0,1,2022-04-11 22:22:59
498,rb2210,SHFE,0_0_      749407,     1174636,多,开,4916.0,1,2022-04-11 22:22:59
499,rb2210,SHFE,0_0_      752166,     1175355,空,平今,4917.0,2,2022-04-11 22:23:04
500,rb2210,SHFE,0_0_      753376,     1176465,多,开,4917.0,1,2022-04-11 22:23:09
501,rb2210,SHFE,0_0_      753747,     1176495,空,平今,4918.0,1,2022-04-11 22:23:10
502,rb2210,SHFE,0_0_      757330,     1182020,空,平今,4920.0,1,2022-04-11 22:23:50
503,rb2210,SHFE,0_0_      759381,     1184862,空,平今,4919.0,1,2022-04-11 22:24:16
504,rb2210,SHFE,0_0_      760423,     1185530,空,平今,4919.0,4,2022-04-11 22:24:23
505,rb2210,SHFE,0_0_      760559,     1186206,多,开,4920.0,1,2022-04-11 22:24:26
506,rb2210,SHFE,0_0_      760559,     1186231,多,开,4920.0,3,2022-04-11 22:24:26
507,rb2210,SHFE,0_0_      760777,     1187139,多,开,4921.0,2,2022-04-11 22:24:30
508,rb2210,SHFE,0_0_      761877,     1189006,空,平今,4921.0,1,2022-04-11 22:24:46
509,rb2210,SHFE,0_0_      764518,     1191418,空,平今,4921.0,1,2022-04-11 22:25:06
510,rb2210,SHFE,0_0_      761083,     1192834,空,平今,4922.0,2,2022-04-11 22:25:16
511,rb2210,SHFE,0_0_      768014,     1194757,多,平今,4923.0,2,2022-04-11 22:25:25
512,rb2210,SHFE,0_0_      769313,     1197381,多,开,4924.0,1,2022-04-11 22:25:33
513,rb2210,SHFE,0_0_      769889,     1199161,空,平今,4926.0,3,2022-04-11 22:25:41
514,rb2210,SHFE,0_0_      770136,     1199694,多,平今,4925.0,1,2022-04-11 22:25:44
515,rb2210,SHFE,0_0_      770136,     1199699,多,平今,4925.0,1,2022-04-11 22:25:44
516,rb2210,SHFE,0_0_      770409,     1199903,空,开,4926.0,2,2022-04-11 22:25:45
517,rb2210,SHFE,0_0_      771238,     1202624,多,平今,4925.0,3,2022-04-11 22:25:59
518,rb2210,SHFE,0_0_      771291,     1202639,多,开,4925.0,3,2022-04-11 22:25:59
519,rb2210,SHFE,0_0_      771941,     1203295,空,平今,4926.0,1,2022-04-11 22:26:02
520,rb2210,SHFE,0_0_      772152,     1204846,多,开,4925.0,1,2022-04-11 22:26:10
521,rb2210,SHFE,0_0_      773281,     1206696,空,开,4926.0,4,2022-04-11 22:26:23
522,rb2210,SHFE,0_0_      773810,     1206786,多,平今,4925.0,4,2022-04-11 22:26:23
523,rb2210,SHFE,0_0_      774897,     1208478,空,平今,4924.0,3,2022-04-11 22:26:32
524,rb2210,SHFE,0_0_      773847,     1209253,空,开,4926.0,1,2022-04-11 22:26:36
525,rb2210,SHFE,0_0_      773847,     1209256,空,开,4926.0,1,2022-04-11 22:26:36
526,rb2210,SHFE,0_0_      773847,     1209333,空,开,4926.0,1,2022-04-11 22:26:36
527,rb2210,SHFE,0_0_      773847,     1209344,空,开,4926.0,3,2022-04-11 22:26:36
528,rb2210,SHFE,0_0_      775759,     1209622,多,平今,4925.0,4,2022-04-11 22:26:39
529,rb2210,SHFE,0_0_      777152,     1210806,空,开,4926.0,2,2022-04-11 22:26:50
530,rb2210,SHFE,0_0_      777786,     1211169,多,平今,4926.0,1,2022-04-11 22:26:53
531,rb2210,SHFE,0_0_      778132,     1212138,多,平今,4925.0,3,2022-04-11 22:27:02
532,rb2210,SHFE,0_0_      778942,     1212471,空,开,4925.0,1,2022-04-11 22:27:03
533,rb2210,SHFE,0_0_      779031,     1212570,多,平今,4925.0,1,2022-04-11 22:27:03
534,rb2210,SHFE,0_0_      779185,     1213039,空,开,4926.0,4,2022-04-11 22:27:06
535,rb2210,SHFE,0_0_      779357,     1213302,多,平今,4925.0,4,2022-04-11 22:27:08
536,rb2210,SHFE,0_0_      785248,     1222803,多,平今,4932.0,2,2022-04-11 22:28:07
537,rb2210,SHFE,0_0_      780289,     1225019,多,开,4927.0,1,2022-04-11 22:28:21
538,rb2210,SHFE,0_0_      780335,     1225114,多,开,4927.0,1,2022-04-11 22:28:22
539,rb2210,SHFE,0_0_      787152,     1225707,空,平今,4928.0,1,2022-04-11 22:28:26
540,rb2210,SHFE,0_0_      786937,     1226030,空,开,4929.0,2,2022-04-11 22:28:27
541,rb2210,SHFE,0_0_      787931,     1226288,多,开,4928.000000000001,3,2022-04-11 22:28:29
542,rb2210,SHFE,0_0_      788036,     1226496,空,平今,4929.0,4,2022-04-11 22:28:31
543,rb2210,SHFE,0_0_      788143,     1226989,多,开,4928.0,4,2022-04-11 22:28:33
544,rb2210,SHFE,0_0_      788709,     1227216,空,平今,4929.0,4,2022-04-11 22:28:35
545,rb2210,SHFE,0_0_      789134,     1227306,多,平今,4928.0,1,2022-04-11 22:28:35
546,rb2210,SHFE,0_0_      789438,     1227889,多,开,4928.0,2,2022-04-11 22:28:40
547,rb2210,SHFE,0_0_      789620,     1227981,空,开,4929.0,3,2022-04-11 22:28:41
548,rb2210,SHFE,0_0_      789660,     1228905,多,平今,4928.0,3,2022-04-11 22:28:48
549,rb2210,SHFE,0_0_      790638,     1228923,空,开,4929.0,1,2022-04-11 22:28:48
550,rb2210,SHFE,0_0_      790638,     1228924,空,开,4929.0,1,2022-04-11 22:28:48
551,rb2210,SHFE,0_0_      790638,     1228953,空,开,4929.0,1,2022-04-11 22:28:48
552,rb2210,SHFE,0_0_      790695,     1229798,多,平今,4928.0,2,2022-04-11 22:28:56
553,rb2210,SHFE,0_0_      791336,     1230614,空,平今,4929.0,2,2022-04-11 22:29:01
554,rb2210,SHFE,0_0_      791805,     1230732,多,平今,4928.0,1,2022-04-11 22:29:02
555,rb2210,SHFE,0_0_      791805,     1230744,多,平今,4928.0,1,2022-04-11 22:29:02
556,rb2210,SHFE,0_0_      792548,     1231586,多,开,4930.0,4,2022-04-11 22:29:08
557,rb2210,SHFE,0_0_      785457,     1231871,空,开,4931.0,4,2022-04-11 22:29:09
558,rb2210,SHFE,0_0_      792738,     1232126,多,平今,4930.0,1,2022-04-11 22:29:11
559,rb2210,SHFE,0_0_      792832,     1232262,空,平今,4930.0,1,2022-04-11 22:29:11
560,rb2210,SHFE,0_0_      792832,     1232263,空,平今,4930.0,1,2022-04-11 22:29:11
561,rb2210,SHFE,0_0_      792832,     1232264,空,平今,4930.0,1,2022-04-11 22:29:11
562,rb2210,SHFE,0_0_      793257,     1232578,多,平今,4929.0,1,2022-04-11 22:29:13
563,rb2210,SHFE,0_0_      793257,     1232579,多,平今,4929.0,1,2022-04-11 22:29:13
564,rb2210,SHFE,0_0_      793257,     1232580,多,平今,4929.0,1,2022-04-11 22:29:13
565,rb2210,SHFE,0_0_      793340,     1232715,多,开,4929.0,2,2022-04-11 22:29:14
566,rb2210,SHFE,0_0_      793484,     1232891,空,平今,4930.0,1,2022-04-11 22:29:16
567,rb2210,SHFE,0_0_      793704,     1233114,多,开,4929.0,1,2022-04-11 22:29:18
568,rb2210,SHFE,0_0_      794654,     1233688,空,开,4928.0,2,2022-04-11 22:29:24
569,rb2210,SHFE,0_0_      794654,     1233689,空,开,4928.0,2,2022-04-11 22:29:24
570,rb2210,SHFE,0_0_      787732,     1233801,多,开,4927.000000000001,1,2022-04-11 22:29:25
571,rb2210,SHFE,0_0_      794772,     1233908,空,平今,4928.0,1,2022-04-11 22:29:26
572,rb2210,SHFE,0_0_      794862,     1233994,空,平今,4928.0,1,2022-04-11 22:29:27
573,rb2210,SHFE,0_0_      794861,     1234181,多,平今,4927.0,1,2022-04-11 22:29:28
574,rb2210,SHFE,0_0_      795012,     1234187,多,平今,4927.0,2,2022-04-11 22:29:28
575,rb2210,SHFE,0_0_      795142,     1234310,空,开,4927.0,2,2022-04-11 22:29:29
576,rb2210,SHFE,0_0_      795493,     1234826,空,开,4927.0,1,2022-04-11 22:29:33
577,rb2210,SHFE,0_0_      795493,     1234827,空,开,4927.0,3,2022-04-11 22:29:33
578,rb2210,SHFE,0_0_      797689,     1238931,多,平今,4926.0,4,2022-04-11 22:30:04
579,rb2210,SHFE,0_0_      799607,     1239338,空,开,4926.0,4,2022-04-11 22:30:05
580,rb2210,SHFE,0_0_      801977,     1242154,多,平今,4924.0,2,2022-04-11 22:30:19
581,rb2210,SHFE,0_0_      801977,     1242200,多,平今,4924.0,2,2022-04-11 22:30:19
582,rb2210,SHFE,0_0_      803584,     1244178,多,平今,4924.0,2,2022-04-11 22:30:29
583,rb2210,SHFE,0_0_      803810,     1244201,空,平今,4924.0,1,2022-04-11 22:30:29
584,rb2210,SHFE,0_0_      804122,     1244609,多,开,4924.0,2,2022-04-11 22:30:33
585,rb2210,SHFE,0_0_      804352,     1245117,空,平今,4924.0,2,2022-04-11 22:30:37
586,rb2210,SHFE,0_0_      804980,     1246474,多,开,4923.0,3,2022-04-11 22:30:44
587,rb2210,SHFE,0_0_      805893,     1246506,空,平今,4924.0,1,2022-04-11 22:30:45
588,rb2210,SHFE,0_0_      805893,     1246513,空,平今,4924.0,1,2022-04-11 22:30:45
589,rb2210,SHFE,0_0_      805893,     1246515,空,平今,4924.0,1,2022-04-11 22:30:45
590,rb2210,SHFE,0_0_      807632,     1248418,空,开,4922.0,1,2022-04-11 22:31:00
591,rb2210,SHFE,0_0_      807696,     1252703,多,平今,4921.0,1,2022-04-11 22:31:23
592,rb2210,SHFE,0_0_      811579,     1252758,空,开,4922.0,1,2022-04-11 22:31:24
593,rb2210,SHFE,0_0_      813810,     1256016,空,开,4922.000000000001,1,2022-04-11 22:31:41
594,rb2210,SHFE,0_0_      814229,     1256686,多,平今,4922.0,1,2022-04-11 22:31:42
595,rb2210,SHFE,0_0_      814933,     1257157,空,开,4923.0,4,2022-04-11 22:31:44
596,rb2210,SHFE,0_0_      814933,     1257168,空,开,4923.0,1,2022-04-11 22:31:44
597,rb2210,SHFE,0_0_      815064,     1257291,多,平今,4923.0,4,2022-04-11 22:31:45
598,rb2210,SHFE,0_0_      815336,     1257452,多,平今,4923.0,3,2022-04-11 22:31:46
599,rb2210,SHFE,0_0_      823366,     1264387,多,开,4924.0,4,2022-04-11 22:32:59
600,rb2210,SHFE,0_0_      836326,     1275991,空,平今,4923.0,1,2022-04-11 22:34:40
601,rb2210,SHFE,0_0_      836658,     1276431,空,平今,4924.0,3,2022-04-11 22:34:44
602,rb2210,SHFE,0_0_      823963,     1276837,空,开,4925.0,8,2022-04-11 22:34:50
603,rb2210,SHFE,0_0_      837674,     1276982,多,平今,4925.0,1,2022-04-11 22:34:51
604,rb2210,SHFE,0_0_      837951,     1277202,多,平今,4925.0,2,2022-04-11 22:34:54
605,rb2210,SHFE,0_0_      837951,     1277203,多,平今,4925.0,2,2022-04-11 22:34:54
606,rb2210,SHFE,0_0_      837160,     1277420,多,开,4924.0,1,2022-04-11 22:34:57
607,rb2210,SHFE,0_0_      863823,     1307364,多,开,4923.0,4,2022-04-11 22:38:43
608,rb2210,SHFE,0_0_      865039,     1308687,空,平今,4924.0,2,2022-04-11 22:38:55
609,rb2210,SHFE,0_0_      865039,     1308688,空,平今,4924.0,2,2022-04-11 22:38:55
610,rb2210,SHFE,0_0_      866496,     1308694,多,开,4923.0,3,2022-04-11 22:38:55
611,rb2210,SHFE,0_0_      866496,     1308728,多,开,4923.0,1,2022-04-11 22:38:56
612,rb2210,SHFE,0_0_      866556,     1309582,空,平今,4924.0,1,2022-04-11 22:39:03
613,rb2210,SHFE,0_0_      872734,     1318004,多,平今,4926.0,1,2022-04-11 22:40:08
614,rb2210,SHFE,0_0_      875630,     1318084,空,平今,4927.0,1,2022-04-11 22:40:09
615,rb2210,SHFE,0_0_      879368,     1321668,多,开,4926.0,4,2022-04-11 22:40:44
616,rb2210,SHFE,0_0_      881376,     1324314,多,平今,4927.000000000001,1,2022-04-11 22:41:08
617,rb2210,SHFE,0_0_      883965,     1327323,多,平今,4929.0,1,2022-04-11 22:41:37
618,rb2210,SHFE,0_0_      887939,     1331100,空,平今,4929.0,2,2022-04-11 22:42:07
619,rb2210,SHFE,0_0_      887939,     1331105,空,平今,4929.0,1,2022-04-11 22:42:07
620,rb2210,SHFE,0_0_      889266,     1332211,空,平今,4928.0,1,2022-04-11 22:42:18
621,rb2210,SHFE,0_0_      889266,     1332227,空,平今,4928.0,1,2022-04-11 22:42:19
622,rb2210,SHFE,0_0_      889266,     1332238,空,平今,4928.0,1,2022-04-11 22:42:19
623,rb2210,SHFE,0_0_      893738,     1336585,空,平今,4927.0,1,2022-04-11 22:43:06
624,rb2210,SHFE,0_0_      897780,     1340898,多,开,4926.0,1,2022-04-11 22:43:39
625,rb2210,SHFE,0_0_      904962,     1346940,空,平今,4925.0,1,2022-04-11 22:44:48
626,rb2210,SHFE,0_0_      904962,     1347014,空,平今,4925.0,1,2022-04-11 22:44:49
627,rb2210,SHFE,0_0_      907305,     1349055,多,开,4927.0,8,2022-04-11 22:45:06
628,rb2210,SHFE,0_0_      910388,     1353465,空,平今,4926.0,1,2022-04-11 22:45:45
629,rb2210,SHFE,0_0_      910388,     1353467,空,平今,4926.0,1,2022-04-11 22:45:45
630,rb2210,SHFE,0_0_      910388,     1353472,空,平今,4926.0,1,2022-04-11 22:45:45
631,rb2210,SHFE,0_0_      910388,     1353474,空,平今,4926.0,1,2022-04-11 22:45:45
632,rb2210,SHFE,0_0_      911498,     1353822,多,开,4925.0,3,2022-04-11 22:45:46
633,rb2210,SHFE,0_0_      933056,     1384954,空,平今,4942.0,4,2022-04-11 22:48:30
634,rb2210,SHFE,0_0_      933305,     1385207,多,开,4942.0,4,2022-04-11 22:48:31
635,rb2210,SHFE,0_0_      933374,     1385466,空,平今,4943.0,1,2022-04-11 22:48:31
636,rb2210,SHFE,0_0_      933374,     1385471,空,平今,4943.0,1,2022-04-11 22:48:31
637,rb2210,SHFE,0_0_      933374,     1385478,空,平今,4943.0,1,2022-04-11 22:48:31
638,rb2210,SHFE,0_0_      933374,     1385480,空,平今,4943.0,1,2022-04-11 22:48:31
639,rb2210,SHFE,0_0_      933666,     1386853,空,平今,4942.0,1,2022-04-11 22:48:35
640,rb2210,SHFE,0_0_      934315,     1386871,多,开,4941.0,1,2022-04-11 22:48:35
641,rb2210,SHFE,0_0_      936461,     1389549,空,开,4940.000000000001,4,2022-04-11 22:48:48
642,rb2210,SHFE,0_0_      934318,     1392109,空,平今,4942.000000000001,1,2022-04-11 22:49:03
643,rb2210,SHFE,0_0_      938465,     1392147,多,平今,4941.0,1,2022-04-11 22:49:03
644,rb2210,SHFE,0_0_      938473,     1392240,多,平今,4941.0,1,2022-04-11 22:49:04
645,rb2210,SHFE,0_0_      938473,     1392241,多,平今,4941.0,1,2022-04-11 22:49:04
646,rb2210,SHFE,0_0_      938473,     1392242,多,平今,4941.0,1,2022-04-11 22:49:04
647,rb2210,SHFE,0_0_      938466,     1393124,空,平今,4942.0,1,2022-04-11 22:49:08
648,rb2210,SHFE,0_0_      939105,     1393245,多,开,4941.0,1,2022-04-11 22:49:08
649,rb2210,SHFE,0_0_      939173,     1393302,空,平今,4942.0,1,2022-04-11 22:49:09
650,rb2210,SHFE,0_0_      939260,     1394699,多,开,4941.0,1,2022-04-11 22:49:15
651,rb2210,SHFE,0_0_      945981,     1401768,多,开,4937.0,1,2022-04-11 22:50:01
652,rb2210,SHFE,0_0_      946245,     1401862,空,开,4938.0,2,2022-04-11 22:50:01
653,rb2210,SHFE,0_0_      946245,     1401863,空,开,4938.0,1,2022-04-11 22:50:01
654,rb2210,SHFE,0_0_      946950,     1402657,多,平今,4938.0,1,2022-04-11 22:50:04
655,rb2210,SHFE,0_0_      947659,     1403921,多,开,4939.0,5,2022-04-11 22:50:09
656,rb2210,SHFE,0_0_      948068,     1405586,空,平今,4940.0,1,2022-04-11 22:50:16
657,rb2210,SHFE,0_0_      949253,     1405740,空,平今,4940.0,2,2022-04-11 22:50:16
658,rb2210,SHFE,0_0_      949406,     1405968,空,开,4940.0,1,2022-04-11 22:50:17
659,rb2210,SHFE,0_0_      949406,     1405969,空,开,4940.0,1,2022-04-11 22:50:17
660,rb2210,SHFE,0_0_      949406,     1405970,空,开,4940.0,1,2022-04-11 22:50:17
661,rb2210,SHFE,0_0_      949406,     1405988,空,开,4940.0,1,2022-04-11 22:50:17
662,rb2210,SHFE,0_0_      941544,     1409159,空,平今,4942.0,1,2022-04-11 22:50:27
663,rb2210,SHFE,0_0_      941544,     1409195,空,平今,4942.0,1,2022-04-11 22:50:27
664,rb2210,SHFE,0_0_      951668,     1410155,多,平今,4941.0,2,2022-04-11 22:50:32
665,rb2210,SHFE,0_0_      953091,     1411381,多,平今,4941.0,4,2022-04-11 22:50:37
666,rb2210,SHFE,0_0_      953285,     1412424,空,平今,4941.0,1,2022-04-11 22:50:42
667,rb2210,SHFE,0_0_      954090,     1413196,空,开,4941.0,4,2022-04-11 22:50:45
668,rb2210,SHFE,0_0_      954687,     1414175,空,开,4941.0,3,2022-04-11 22:50:49
669,rb2210,SHFE,0_0_      955367,     1415122,多,平今,4941.0,1,2022-04-11 22:50:55
670,rb2210,SHFE,0_0_      959494,     1421149,多,平今,4936.0,2,2022-04-11 22:51:22
671,rb2210,SHFE,0_0_      969190,     1431572,空,开,4938.0,3,2022-04-11 22:52:28
672,rb2210,SHFE,0_0_      969190,     1431614,空,开,4938.0,1,2022-04-11 22:52:28
673,rb2210,SHFE,0_0_      974677,     1435420,多,平今,4936.0,1,2022-04-11 22:52:59
674,rb2210,SHFE,0_0_      974795,     1435638,多,平今,4936.0,1,2022-04-11 22:53:01
675,rb2210,SHFE,0_0_      974795,     1435743,多,平今,4936.0,1,2022-04-11 22:53:02
676,rb2210,SHFE,0_0_      974795,     1435772,多,平今,4936.0,1,2022-04-11 22:53:02
677,rb2210,SHFE,0_0_      974795,     1435825,多,平今,4936.0,1,2022-04-11 22:53:03
678,rb2210,SHFE,0_0_      974795,     1435833,多,平今,4936.0,1,2022-04-11 22:53:03
679,rb2210,SHFE,0_0_      986591,     1444439,空,开,4939.0,3,2022-04-11 22:54:08
680,rb2210,SHFE,0_0_      986591,     1444444,空,开,4939.0,1,2022-04-11 22:54:08
681,rb2210,SHFE,0_0_      986591,     1444573,空,开,4939.0,1,2022-04-11 22:54:09
682,rb2210,SHFE,0_0_      991208,     1448909,多,平今,4935.000000000001,1,2022-04-11 22:54:42
683,rb2210,SHFE,0_0_     1001266,     1458358,空,平今,4934.0,1,2022-04-11 22:55:59
684,rb2210,SHFE,0_0_     1001266,     1458361,空,平今,4934.0,1,2022-04-11 22:55:59
685,rb2210,SHFE,0_0_     1011281,     1469917,多,平今,4929.0,6,2022-04-11 22:57:20
686,rb2210,SHFE,0_0_     1012167,     1472460,空,开,4929.0,1,2022-04-11 22:57:34
687,rb2210,SHFE,0_0_     1012167,     1472476,空,开,4929.0,1,2022-04-11 22:57:34
688,rb2210,SHFE,0_0_     1012167,     1472532,空,开,4929.0,1,2022-04-11 22:57:35
689,rb2210,SHFE,0_0_     1019916,     1482739,空,开,4929.0,1,2022-04-11 22:58:36
690,rb2210,SHFE,0_0_     1019916,     1482746,空,开,4929.0,2,2022-04-11 22:58:36
691,rb2210,SHFE,0_0_     1020592,     1483043,多,平今,4928.0,3,2022-04-11 22:58:37
692,rb2210,SHFE,0_0_     1020779,     1484399,空,开,4929.0,3,2022-04-11 22:58:49
693,rb2210,SHFE,0_0_     1021682,     1484428,多,平今,4928.0,2,2022-04-11 22:58:49
694,rb2210,SHFE,0_0_     1021682,     1484429,多,平今,4928.0,1,2022-04-11 22:58:49
695,rb2210,SHFE,0_0_     1021719,     1485035,空,开,4929.0,3,2022-04-11 22:58:55
696,rb2210,SHFE,0_0_     1022222,     1485505,多,平今,4928.0,2,2022-04-11 22:58:59
697,rb2210,SHFE,0_0_     1348960,     1774131,多,平今,4937.0,1,2022-04-12 09:01:44
698,rb2210,SHFE,0_0_     1349310,     1776517,多,开,4937.0,3,2022-04-12 09:01:54
699,rb2210,SHFE,0_0_     1349310,     1776519,多,开,4937.0,1,2022-04-12 09:01:54
700,rb2210,SHFE,0_0_     1349390,     1776663,空,平今,4938.0,4,2022-04-12 09:01:54
701,rb2210,SHFE,0_0_     1349897,     1780315,多,开,4940.0,8,2022-04-12 09:02:05
702,rb2210,SHFE,0_0_     1351412,     1788006,空,平今,4941.0,3,2022-04-12 09:02:35
703,rb2210,SHFE,0_0_     1351481,     1788239,空,平今,4942.0,4,2022-04-12 09:02:35
704,rb2210,SHFE,0_0_     1352046,     1790178,空,开,4941.0,4,2022-04-12 09:02:42
705,rb2210,SHFE,0_0_     1352185,     1790730,多,开,4943.0,3,2022-04-12 09:02:44
706,rb2210,SHFE,0_0_     1352185,     1790731,多,开,4943.0,2,2022-04-12 09:02:44
707,rb2210,SHFE,0_0_     1352185,     1790732,多,开,4943.0,1,2022-04-12 09:02:44
708,rb2210,SHFE,0_0_     1352185,     1790733,多,开,4943.0,1,2022-04-12 09:02:44
709,rb2210,SHFE,0_0_     1352210,     1791972,空,平今,4944.0,4,2022-04-12 09:02:47
710,rb2210,SHFE,0_0_     1352394,     1792702,多,平今,4944.0,1,2022-04-12 09:02:48
711,rb2210,SHFE,0_0_     1352394,     1792705,多,平今,4944.0,1,2022-04-12 09:02:48
712,rb2210,SHFE,0_0_     1352394,     1792706,多,平今,4944.0,1,2022-04-12 09:02:48
713,rb2210,SHFE,0_0_     1352394,     1792727,多,平今,4944.0,1,2022-04-12 09:02:49
714,rb2210,SHFE,0_0_     1352416,     1792955,空,平今,4945.0,3,2022-04-12 09:02:49
715,rb2210,SHFE,0_0_     1352416,     1792966,空,平今,4945.0,1,2022-04-12 09:02:49
716,rb2210,SHFE,0_0_     1352441,     1793316,多,开,4944.0,2,2022-04-12 09:02:51
717,rb2210,SHFE,0_0_     1352441,     1793317,多,开,4944.0,2,2022-04-12 09:02:51
718,rb2210,SHFE,0_0_     1352588,     1793553,空,平今,4945.0,1,2022-04-12 09:02:52
719,rb2210,SHFE,0_0_     1352588,     1793554,空,平今,4945.0,1,2022-04-12 09:02:52
720,rb2210,SHFE,0_0_     1352588,     1793558,空,平今,4945.0,2,2022-04-12 09:02:52
721,rb2210,SHFE,0_0_     1354353,     1800824,多,开,4949.0,2,2022-04-12 09:03:13
722,rb2210,SHFE,0_0_     1357288,     1809998,空,开,4949.0,3,2022-04-12 09:03:42
723,rb2210,SHFE,0_0_     1358077,     1812333,多,平今,4948.0,1,2022-04-12 09:03:51
724,rb2210,SHFE,0_0_     1358077,     1812340,多,平今,4948.0,1,2022-04-12 09:03:51
725,rb2210,SHFE,0_0_     1358077,     1812379,多,平今,4948.0,1,2022-04-12 09:03:51
726,rb2210,SHFE,0_0_     1359016,     1815521,多,平今,4949.0,3,2022-04-12 09:04:01
727,rb2210,SHFE,0_0_     1359161,     1821574,空,开,4950.0,3,2022-04-12 09:04:22
728,rb2210,SHFE,0_0_     1361329,     1821808,多,平今,4949.0,3,2022-04-12 09:04:23
729,rb2210,SHFE,0_0_     1363516,     1832022,空,开,4949.0,1,2022-04-12 09:05:01
730,rb2210,SHFE,0_0_     1363516,     1832023,空,开,4949.0,1,2022-04-12 09:05:01
731,rb2210,SHFE,0_0_     1363516,     1832024,空,开,4949.0,1,2022-04-12 09:05:01
732,rb2210,SHFE,0_0_     1366055,     1833112,多,平今,4948.0,3,2022-04-12 09:05:02
733,rb2210,SHFE,0_0_     1367030,     1834968,空,开,4948.0,1,2022-04-12 09:05:08
734,rb2210,SHFE,0_0_     1367030,     1834980,空,开,4948.0,3,2022-04-12 09:05:08
735,rb2210,SHFE,0_0_     1369791,     1841169,多,平今,4951.0,4,2022-04-12 09:05:30
736,rb2210,SHFE,0_0_     1370431,     1841511,空,平今,4952.0,1,2022-04-12 09:05:31
737,rb2210,SHFE,0_0_     1374224,     1848719,多,开,4955.0,2,2022-04-12 09:06:02
738,rb2210,SHFE,0_0_     1374394,     1848822,空,开,4955.0,4,2022-04-12 09:06:02
739,rb2210,SHFE,0_0_     1375868,     1851682,多,平今,4953.0,1,2022-04-12 09:06:15
740,rb2210,SHFE,0_0_     1375999,     1851784,多,开,4953.0,2,2022-04-12 09:06:15
741,rb2210,SHFE,0_0_     1375999,     1851785,多,开,4953.0,1,2022-04-12 09:06:15
742,rb2210,SHFE,0_0_     1375999,     1851910,多,开,4953.0,1,2022-04-12 09:06:15
743,rb2210,SHFE,0_0_     1374467,     1852660,空,开,4955.0,4,2022-04-12 09:06:20
744,rb2210,SHFE,0_0_     1376711,     1852863,多,平今,4955.0,7,2022-04-12 09:06:20
745,rb2210,SHFE,0_0_     1376837,     1852967,空,平今,4955.0,4,2022-04-12 09:06:21
746,rb2210,SHFE,0_0_     1376899,     1853694,空,平今,4956.0,2,2022-04-12 09:06:25
747,rb2210,SHFE,0_0_     1377187,     1853718,空,开,4956.0,4,2022-04-12 09:06:25
748,rb2210,SHFE,0_0_     1377363,     1853874,空,开,4956.0,1,2022-04-12 09:06:25
749,rb2210,SHFE,0_0_     1377363,     1853877,空,开,4956.0,1,2022-04-12 09:06:25
750,rb2210,SHFE,0_0_     1377363,     1853879,空,开,4956.0,1,2022-04-12 09:06:25
751,rb2210,SHFE,0_0_     1377363,     1853888,空,开,4956.0,1,2022-04-12 09:06:25
752,rb2210,SHFE,0_0_     1377408,     1854183,多,平今,4955.0,2,2022-04-12 09:06:27
753,rb2210,SHFE,0_0_     1377408,     1854197,多,平今,4955.0,1,2022-04-12 09:06:27
754,rb2210,SHFE,0_0_     1377408,     1854198,多,平今,4955.0,1,2022-04-12 09:06:27
755,rb2210,SHFE,0_0_     1377651,     1854565,空,平今,4956.0,1,2022-04-12 09:06:28
756,rb2210,SHFE,0_0_     1377723,     1854764,空,开,4956.0,2,2022-04-12 09:06:30
757,rb2210,SHFE,0_0_     1377774,     1855939,多,平今,4955.0,2,2022-04-12 09:06:34
758,rb2210,SHFE,0_0_     1378308,     1858360,空,开,4956.0,1,2022-04-12 09:06:48
759,rb2210,SHFE,0_0_     1378308,     1858362,空,开,4956.0,1,2022-04-12 09:06:48
760,rb2210,SHFE,0_0_     1380132,     1858694,多,平今,4955.0,1,2022-04-12 09:06:50
761,rb2210,SHFE,0_0_     1380464,     1859248,空,开,4956.0,1,2022-04-12 09:06:54
762,rb2210,SHFE,0_0_     1383094,     1862663,多,平今,4956.0,4,2022-04-12 09:07:13
763,rb2210,SHFE,0_0_     1381989,     1865204,多,平今,4955.0,1,2022-04-12 09:07:25
764,rb2210,SHFE,0_0_     1385133,     1865300,空,开,4956.000000000001,3,2022-04-12 09:07:25
765,rb2210,SHFE,0_0_     1385236,     1865798,多,平今,4956.0,4,2022-04-12 09:07:27
766,rb2210,SHFE,0_0_     1385560,     1865834,空,开,4957.0,2,2022-04-12 09:07:27
767,rb2210,SHFE,0_0_     1386194,     1866829,多,平今,4958.0,1,2022-04-12 09:07:31
768,rb2210,SHFE,0_0_     1387982,     1870335,空,开,4962.0,4,2022-04-12 09:07:42
769,rb2210,SHFE,0_0_     1388029,     1870457,多,平今,4961.0,1,2022-04-12 09:07:43
770,rb2210,SHFE,0_0_     1388029,     1870459,多,平今,4961.0,1,2022-04-12 09:07:43
771,rb2210,SHFE,0_0_     1388603,     1871452,空,开,4963.0,1,2022-04-12 09:07:47
772,rb2210,SHFE,0_0_     1389429,     1873267,空,开,4961.0,1,2022-04-12 09:07:53
773,rb2210,SHFE,0_0_     1389429,     1873386,空,开,4961.0,1,2022-04-12 09:07:53
774,rb2210,SHFE,0_0_     1389429,     1873402,空,开,4961.0,1,2022-04-12 09:07:53
775,rb2210,SHFE,0_0_     1392231,     1877973,空,开,4960.0,1,2022-04-12 09:08:15
776,rb2210,SHFE,0_0_     1393450,     1880251,多,平今,4957.0,2,2022-04-12 09:08:27
777,rb2210,SHFE,0_0_     1393450,     1880266,多,平今,4957.0,1,2022-04-12 09:08:28
778,rb2210,SHFE,0_0_     1397908,     1886149,多,平今,4958.0,2,2022-04-12 09:09:03
779,rb2210,SHFE,0_0_     1399028,     1888949,空,开,4958.0,3,2022-04-12 09:09:24
780,rb2210,SHFE,0_0_     1402134,     1888953,多,平今,4957.0,1,2022-04-12 09:09:24
781,rb2210,SHFE,0_0_     1402134,     1888984,多,平今,4957.0,1,2022-04-12 09:09:25
782,rb2210,SHFE,0_0_     1402134,     1888994,多,平今,4957.0,1,2022-04-12 09:09:25
783,rb2210,SHFE,0_0_     1401337,     1889389,多,平今,4956.0,1,2022-04-12 09:09:26
784,rb2210,SHFE,0_0_     1402469,     1889610,空,开,4957.0,4,2022-04-12 09:09:28
785,rb2210,SHFE,0_0_     1403791,     1890563,空,开,4956.0,1,2022-04-12 09:09:36
786,rb2210,SHFE,0_0_     1409862,     1899316,多,平今,4961.0,1,2022-04-12 09:10:21
787,rb2210,SHFE,0_0_     1409862,     1899320,多,平今,4961.0,2,2022-04-12 09:10:21
788,rb2210,SHFE,0_0_     1410743,     1901939,多,平今,4961.0,1,2022-04-12 09:10:35
789,rb2210,SHFE,0_0_     1410743,     1901944,多,平今,4961.0,1,2022-04-12 09:10:35
790,rb2210,SHFE,0_0_     1405927,     1909094,多,平今,4957.0,1,2022-04-12 09:11:07
791,rb2210,SHFE,0_0_     1416607,     1909619,空,开,4958.0,5,2022-04-12 09:11:09
792,rb2210,SHFE,0_0_     1423278,     1919435,多,平今,4957.0,3,2022-04-12 09:11:56
793,rb2210,SHFE,0_0_     1423278,     1919452,多,平今,4957.0,1,2022-04-12 09:11:56
794,rb2210,SHFE,0_0_     1423541,     1919929,多,平今,4958.000000000001,1,2022-04-12 09:11:58
795,rb2210,SHFE,0_0_     1424413,     1922746,空,开,4958.0,1,2022-04-12 09:12:08
796,rb2210,SHFE,0_0_     1426699,     1925082,多,平今,4956.0,1,2022-04-12 09:12:18
797,rb2210,SHFE,0_0_     1403885,     1926548,多,平今,4955.0,1,2022-04-12 09:12:25
798,rb2210,SHFE,0_0_     1428403,     1926583,空,开,4956.0,1,2022-04-12 09:12:25
799,rb2210,SHFE,0_0_     1430147,     1929439,空,开,4956.0,3,2022-04-12 09:12:39
800,rb2210,SHFE,0_0_     1379601,     1930609,多,开,4954.0,7,2022-04-12 09:12:46
801,rb2210,SHFE,0_0_     1431287,     1930639,空,平今,4955.0,1,2022-04-12 09:12:46
802,rb2210,SHFE,0_0_     1431287,     1930702,空,平今,4955.0,1,2022-04-12 09:12:46
803,rb2210,SHFE,0_0_     1431287,     1930731,空,平今,4955.0,1,2022-04-12 09:12:46
804,rb2210,SHFE,0_0_     1431287,     1930734,空,平今,4955.0,1,2022-04-12 09:12:46
805,rb2210,SHFE,0_0_     1431287,     1930771,空,平今,4955.0,3,2022-04-12 09:12:46
806,rb2210,SHFE,0_0_     1431401,     1931381,多,开,4954.0,8,2022-04-12 09:12:47
807,rb2210,SHFE,0_0_     1431664,     1932043,空,平今,4955.0,8,2022-04-12 09:12:49
808,rb2210,SHFE,0_0_     1432265,     1932288,空,开,4955.0,1,2022-04-12 09:12:50
809,rb2210,SHFE,0_0_     1432967,     1933736,多,平今,4955.0,2,2022-04-12 09:12:55
810,rb2210,SHFE,0_0_     1432150,     1933898,多,开,4954.0,8,2022-04-12 09:12:56
811,rb2210,SHFE,0_0_     1433563,     1934573,空,平今,4955.0,8,2022-04-12 09:12:58
812,rb2210,SHFE,0_0_     1434219,     1934880,多,开,4954.0,8,2022-04-12 09:12:59
813,rb2210,SHFE,0_0_     1440649,     1944056,空,平今,4954.0,3,2022-04-12 09:13:37
814,rb2210,SHFE,0_0_     1443062,     1949030,多,平今,4954.0,1,2022-04-12 09:13:56
815,rb2210,SHFE,0_0_     1443062,     1949031,多,平今,4954.0,1,2022-04-12 09:13:56
816,rb2210,SHFE,0_0_     1443062,     1949062,多,平今,4954.0,1,2022-04-12 09:13:56
817,rb2210,SHFE,0_0_     1443640,     1953440,空,平今,4955.0,1,2022-04-12 09:14:15
818,rb2210,SHFE,0_0_     1443640,     1953804,空,平今,4955.0,1,2022-04-12 09:14:17
819,rb2210,SHFE,0_0_     1443640,     1954202,空,平今,4955.0,1,2022-04-12 09:14:20
820,rb2210,SHFE,0_0_     1447198,     1954635,多,开,4954.0,1,2022-04-12 09:14:22
821,rb2210,SHFE,0_0_     1448324,     1956041,空,平今,4955.0,1,2022-04-12 09:14:31
822,rb2210,SHFE,0_0_     1448361,     1959089,多,开,4954.0,2,2022-04-12 09:14:50
823,rb2210,SHFE,0_0_     1451076,     1959934,空,平今,4955.0,2,2022-04-12 09:14:58
824,rb2210,SHFE,0_0_     1453211,     1964822,多,开,4957.0,3,2022-04-12 09:15:19
825,rb2210,SHFE,0_0_     1456650,     1967563,空,平今,4956.0,3,2022-04-12 09:15:35
826,rb2210,SHFE,0_0_     1461970,     1972812,空,开,4957.0,3,2022-04-12 09:16:05
827,rb2210,SHFE,0_0_     1452038,     1973770,多,开,4954.0,3,2022-04-12 09:16:09
828,rb2210,SHFE,0_0_     1463395,     1974093,空,开,4955.0,1,2022-04-12 09:16:10
829,rb2210,SHFE,0_0_     1463395,     1974104,空,开,4955.0,1,2022-04-12 09:16:10
830,rb2210,SHFE,0_0_     1463395,     1974116,空,开,4955.0,1,2022-04-12 09:16:10
831,rb2210,SHFE,0_0_     1466666,     1980660,多,平今,4950.0,1,2022-04-12 09:16:40
832,rb2210,SHFE,0_0_     1466675,     1980661,空,平今,4951.0,1,2022-04-12 09:16:40
833,rb2210,SHFE,0_0_     1473548,     1989253,多,平今,4949.0,2,2022-04-12 09:17:30
834,rb2210,SHFE,0_0_     1473597,     1992580,空,平今,4950.0,2,2022-04-12 09:17:55
835,rb2210,SHFE,0_0_     1477003,     1992611,多,平今,4949.0,2,2022-04-12 09:17:55
836,rb2210,SHFE,0_0_     1477807,     1996141,空,开,4948.0,3,2022-04-12 09:18:14
837,rb2210,SHFE,0_0_     1477807,     1996188,空,开,4948.0,1,2022-04-12 09:18:15
838,rb2210,SHFE,0_0_     1477004,     1997871,空,开,4950.0,2,2022-04-12 09:18:27
839,rb2210,SHFE,0_0_     1482190,     1998801,多,平今,4949.0,2,2022-04-12 09:18:35
840,rb2210,SHFE,0_0_     1482190,     1998852,多,平今,4949.0,1,2022-04-12 09:18:35
841,rb2210,SHFE,0_0_     1483345,     1999673,多,开,4949.0,3,2022-04-12 09:18:43
842,rb2210,SHFE,0_0_     1485231,     2001101,空,开,4950.0,4,2022-04-12 09:18:57
843,rb2210,SHFE,0_0_     1488847,     2005034,空,平今,4954.0,1,2022-04-12 09:19:28
844,rb2210,SHFE,0_0_     1463531,     2005961,空,平今,4955.0,2,2022-04-12 09:19:37
845,rb2210,SHFE,0_0_     1489563,     2006053,多,开,4954.0,1,2022-04-12 09:19:38
846,rb2210,SHFE,0_0_     1489563,     2006075,多,开,4954.0,1,2022-04-12 09:19:38
847,rb2210,SHFE,0_0_     1489563,     2006098,多,开,4954.0,2,2022-04-12 09:19:38
848,rb2210,SHFE,0_0_     1489563,     2006100,多,开,4954.0,2,2022-04-12 09:19:38
849,rb2210,SHFE,0_0_     1491751,     2008880,空,平今,4954.0,2,2022-04-12 09:19:59
850,rb2210,SHFE,0_0_     1491751,     2009023,空,平今,4954.0,1,2022-04-12 09:20:00
851,rb2210,SHFE,0_0_     1491751,     2009045,空,平今,4954.0,1,2022-04-12 09:20:00
852,rb2210,SHFE,0_0_     1492358,     2010231,空,平今,4954.000000000001,2,2022-04-12 09:20:06
853,rb2210,SHFE,0_0_     1494471,     2012413,多,开,4955.0,1,2022-04-12 09:20:13
854,rb2210,SHFE,0_0_     1494471,     2012414,多,开,4955.0,3,2022-04-12 09:20:13
855,rb2210,SHFE,0_0_     1492998,     2020763,多,开,4953.000000000001,2,2022-04-12 09:21:19
856,rb2210,SHFE,0_0_     1503745,     2023193,空,平今,4954.0,2,2022-04-12 09:21:34
857,rb2210,SHFE,0_0_     1505981,     2023330,多,开,4953.0,2,2022-04-12 09:21:34
858,rb2210,SHFE,0_0_     1506468,     2024599,多,平今,4952.0,1,2022-04-12 09:21:39
859,rb2210,SHFE,0_0_     1513835,     2034602,空,平今,4952.0,1,2022-04-12 09:22:46
860,rb2210,SHFE,0_0_     1514012,     2034888,空,平今,4952.0,1,2022-04-12 09:22:50
861,rb2210,SHFE,0_0_     1514754,     2036152,空,平今,4952.0,1,2022-04-12 09:23:00
862,rb2210,SHFE,0_0_     1518201,     2041190,空,平今,4953.0,2,2022-04-12 09:23:35
863,rb2210,SHFE,0_0_     1518249,     2042418,多,开,4952.0,2,2022-04-12 09:23:39
864,rb2210,SHFE,0_0_     1514798,     2043186,多,开,4951.0,1,2022-04-12 09:23:44
865,rb2210,SHFE,0_0_     1519409,     2043259,空,平今,4952.0,4,2022-04-12 09:23:44
866,rb2210,SHFE,0_0_     1485282,     2045632,多,平今,4949.0,2,2022-04-12 09:23:56
867,rb2210,SHFE,0_0_     1485282,     2045638,多,平今,4949.0,1,2022-04-12 09:23:56
868,rb2210,SHFE,0_0_     1485282,     2045650,多,平今,4949.0,1,2022-04-12 09:23:56
869,rb2210,SHFE,0_0_     1521793,     2048463,空,开,4948.0,3,2022-04-12 09:24:07
870,rb2210,SHFE,0_0_     1480374,     2048809,多,平今,4947.0,1,2022-04-12 09:24:09
871,rb2210,SHFE,0_0_     1522047,     2049763,空,开,4948.0,1,2022-04-12 09:24:12
872,rb2210,SHFE,0_0_     1480280,     2051381,多,平今,4946.0,2,2022-04-12 09:24:18
873,rb2210,SHFE,0_0_     1522969,     2053330,空,开,4947.0,1,2022-04-12 09:24:27
874,rb2210,SHFE,0_0_     1522969,     2053346,空,开,4947.0,1,2022-04-12 09:24:27
875,rb2210,SHFE,0_0_     1522567,     2054709,空,开,4948.0,1,2022-04-12 09:24:33
876,rb2210,SHFE,0_0_     1524494,     2055157,多,平今,4947.0,2,2022-04-12 09:24:34
877,rb2210,SHFE,0_0_     1524651,     2055327,空,开,4948.0,2,2022-04-12 09:24:34
878,rb2210,SHFE,0_0_     1525628,     2057037,多,平今,4948.0,1,2022-04-12 09:24:46
879,rb2210,SHFE,0_0_     1524690,     2057253,多,平今,4947.0,2,2022-04-12 09:24:48
880,rb2210,SHFE,0_0_     1526427,     2058012,空,开,4948.0,1,2022-04-12 09:24:51
881,rb2210,SHFE,0_0_     1534176,     2067219,空,开,4947.0,1,2022-04-12 09:25:47
882,rb2210,SHFE,0_0_     1535031,     2068072,空,开,4946.0,1,2022-04-12 09:25:53
883,rb2210,SHFE,0_0_     1536493,     2072488,多,平今,4945.0,1,2022-04-12 09:26:19
884,rb2210,SHFE,0_0_     1541138,     2077609,多,平今,4943.0,2,2022-04-12 09:26:48
885,rb2210,SHFE,0_0_     1543360,     2078017,空,开,4944.0,2,2022-04-12 09:26:50
886,rb2210,SHFE,0_0_     1543543,     2079788,多,平今,4943.0,1,2022-04-12 09:27:02
887,rb2210,SHFE,0_0_     1543543,     2079789,多,平今,4943.0,5,2022-04-12 09:27:02
888,rb2210,SHFE,0_0_     1545064,     2080455,空,开,4944.0,6,2022-04-12 09:27:04
889,rb2210,SHFE,0_0_     1545877,     2081274,多,开,4944.0,1,2022-04-12 09:27:08
890,rb2210,SHFE,0_0_     1538946,     2081429,空,开,4946.0,1,2022-04-12 09:27:09
891,rb2210,SHFE,0_0_     1546375,     2081905,多,开,4945.0,4,2022-04-12 09:27:10
892,rb2210,SHFE,0_0_     1545492,     2083502,多,平今,4943.0,6,2022-04-12 09:27:21
893,rb2210,SHFE,0_0_     1547938,     2083807,空,平今,4944.0,4,2022-04-12 09:27:23
894,rb2210,SHFE,0_0_     1547989,     2083924,空,开,4944.0,4,2022-04-12 09:27:24
895,rb2210,SHFE,0_0_     1548184,     2084715,多,平今,4942.0,4,2022-04-12 09:27:28
896,rb2210,SHFE,0_0_     1548594,     2085726,空,开,4943.0,6,2022-04-12 09:27:32
897,rb2210,SHFE,0_0_     1549271,     2086298,多,平今,4942.0,3,2022-04-12 09:27:36
898,rb2210,SHFE,0_0_     1550085,     2087160,空,平今,4942.000000000001,1,2022-04-12 09:27:40
899,rb2210,SHFE,0_0_     1548185,     2089248,空,平今,4944.0,2,2022-04-12 09:27:50
900,rb2210,SHFE,0_0_     1552046,     2089683,多,平今,4943.0,4,2022-04-12 09:27:51
901,rb2210,SHFE,0_0_     1553738,     2091633,多,开,4944.0,1,2022-04-12 09:28:02
902,rb2210,SHFE,0_0_     1554233,     2096205,空,开,4945.0,1,2022-04-12 09:28:30
903,rb2210,SHFE,0_0_     1554233,     2096206,空,开,4945.0,1,2022-04-12 09:28:30
904,rb2210,SHFE,0_0_     1554233,     2096255,空,开,4945.0,1,2022-04-12 09:28:30
905,rb2210,SHFE,0_0_     1554233,     2096273,空,开,4945.0,1,2022-04-12 09:28:30
906,rb2210,SHFE,0_0_     1557739,     2098221,多,平今,4944.0,4,2022-04-12 09:28:41
907,rb2210,SHFE,0_0_     1558813,     2098456,空,开,4944.0,3,2022-04-12 09:28:42
908,rb2210,SHFE,0_0_     1558865,     2098535,空,平今,4944.0,1,2022-04-12 09:28:43
909,rb2210,SHFE,0_0_     1559009,     2098984,空,开,4944.0,1,2022-04-12 09:28:48
910,rb2210,SHFE,0_0_     1559009,     2099040,空,开,4944.0,1,2022-04-12 09:28:48
911,rb2210,SHFE,0_0_     1559009,     2099064,空,开,4944.0,1,2022-04-12 09:28:48
912,rb2210,SHFE,0_0_     1559009,     2099132,空,开,4944.0,1,2022-04-12 09:28:49
913,rb2210,SHFE,0_0_     1560115,     2103510,多,平今,4942.0,3,2022-04-12 09:29:16
914,rb2210,SHFE,0_0_     1564482,     2106347,多,平今,4941.0,1,2022-04-12 09:29:32
915,rb2210,SHFE,0_0_     1564008,     2106560,空,开,4942.0,1,2022-04-12 09:29:34
916,rb2210,SHFE,0_0_     1565325,     2108921,多,平今,4942.0,3,2022-04-12 09:29:47
917,rb2210,SHFE,0_0_     1567255,     2111443,多,平今,4944.0,1,2022-04-12 09:30:00
918,rb2210,SHFE,0_0_     1569231,     2112822,空,开,4946.0,4,2022-04-12 09:30:06
919,rb2210,SHFE,0_0_     1581760,     2126108,空,开,4946.0,1,2022-04-12 09:31:50
920,rb2210,SHFE,0_0_     1564722,     2134340,多,开,4941.0,1,2022-04-12 09:32:57
921,rb2210,SHFE,0_0_     1564722,     2134342,多,开,4941.0,5,2022-04-12 09:32:57
922,rb2210,SHFE,0_0_     1588810,     2134429,空,平今,4942.0,1,2022-04-12 09:32:58
923,rb2210,SHFE,0_0_     1588891,     2134643,空,平今,4942.0,1,2022-04-12 09:32:59
924,rb2210,SHFE,0_0_     1588891,     2134661,空,平今,4942.0,2,2022-04-12 09:32:59
925,rb2210,SHFE,0_0_     1588891,     2134666,空,平今,4942.0,1,2022-04-12 09:32:59
926,rb2210,SHFE,0_0_     1588891,     2134680,空,平今,4942.0,1,2022-04-12 09:32:59
927,rb2210,SHFE,0_0_     1589205,     2135380,多,平今,4942.0,1,2022-04-12 09:33:01
928,rb2210,SHFE,0_0_     1589267,     2140630,多,平今,4942.0,3,2022-04-12 09:33:42
929,rb2210,SHFE,0_0_     1593604,     2140969,空,开,4942.0,1,2022-04-12 09:33:45
930,rb2210,SHFE,0_0_     1593604,     2141016,空,开,4942.0,1,2022-04-12 09:33:45
931,rb2210,SHFE,0_0_     1593604,     2141118,空,开,4942.0,2,2022-04-12 09:33:46
932,rb2210,SHFE,0_0_     1593975,     2142690,多,平今,4941.0,2,2022-04-12 09:33:55
933,rb2210,SHFE,0_0_     1594080,     2142695,多,开,4941.0,4,2022-04-12 09:33:55
934,rb2210,SHFE,0_0_     1594508,     2142770,多,开,4941.0,4,2022-04-12 09:33:56
935,rb2210,SHFE,0_0_     1594505,     2143413,空,开,4942.0,5,2022-04-12 09:33:59
936,rb2210,SHFE,0_0_     1594563,     2143423,空,平今,4942.0,4,2022-04-12 09:33:59
937,rb2210,SHFE,0_0_     1594651,     2143547,空,平今,4942.0,2,2022-04-12 09:34:00
938,rb2210,SHFE,0_0_     1594882,     2143729,空,平今,4942.0,1,2022-04-12 09:34:01
939,rb2210,SHFE,0_0_     1594957,     2143735,空,平今,4942.0,1,2022-04-12 09:34:01
940,rb2210,SHFE,0_0_     1595105,     2144516,多,平今,4941.0,3,2022-04-12 09:34:06
941,rb2210,SHFE,0_0_     1595105,     2144593,多,平今,4941.0,1,2022-04-12 09:34:07
942,rb2210,SHFE,0_0_     1595105,     2144595,多,平今,4941.0,1,2022-04-12 09:34:07
943,rb2210,SHFE,0_0_     1595105,     2144596,多,平今,4941.0,1,2022-04-12 09:34:07
944,rb2210,SHFE,0_0_     1595789,     2144616,空,开,4942.0,1,2022-04-12 09:34:07
945,rb2210,SHFE,0_0_     1595789,     2144617,空,开,4942.0,1,2022-04-12 09:34:07
946,rb2210,SHFE,0_0_     1595789,     2144618,空,开,4942.0,1,2022-04-12 09:34:07
947,rb2210,SHFE,0_0_     1595861,     2144643,空,开,4942.0,3,2022-04-12 09:34:07
948,rb2210,SHFE,0_0_     1596004,     2148740,多,平今,4942.0,1,2022-04-12 09:34:33
949,rb2210,SHFE,0_0_     1600135,     2151064,多,平今,4942.0,4,2022-04-12 09:34:53
950,rb2210,SHFE,0_0_     1600994,     2151841,空,开,4942.0,3,2022-04-12 09:34:59
951,rb2210,SHFE,0_0_     1601399,     2152681,空,开,4942.0,1,2022-04-12 09:35:03
952,rb2210,SHFE,0_0_     1600164,     2155082,空,开,4943.0,1,2022-04-12 09:35:20
953,rb2210,SHFE,0_0_     1604549,     2156563,多,平今,4942.0,2,2022-04-12 09:35:28
954,rb2210,SHFE,0_0_     1604725,     2157896,多,平今,4942.0,1,2022-04-12 09:35:40
955,rb2210,SHFE,0_0_     1604725,     2157900,多,平今,4942.0,1,2022-04-12 09:35:40
956,rb2210,SHFE,0_0_     1604725,     2157901,多,平今,4942.0,1,2022-04-12 09:35:40
957,rb2210,SHFE,0_0_     1605909,     2158168,空,开,4943.0,1,2022-04-12 09:35:42
958,rb2210,SHFE,0_0_     1605909,     2158178,空,开,4943.0,1,2022-04-12 09:35:42
959,rb2210,SHFE,0_0_     1610666,     2168321,空,开,4943.0,2,2022-04-12 09:37:03
960,rb2210,SHFE,0_0_     1614887,     2168531,多,开,4942.0,7,2022-04-12 09:37:05
961,rb2210,SHFE,0_0_     1618620,     2171929,多,平今,4943.0,3,2022-04-12 09:37:25
962,rb2210,SHFE,0_0_     1615408,     2173073,多,平今,4942.0,2,2022-04-12 09:37:34
963,rb2210,SHFE,0_0_     1620298,     2173932,空,平今,4943.0,3,2022-04-12 09:37:41
964,rb2210,SHFE,0_0_     1620663,     2176042,空,平今,4943.0,2,2022-04-12 09:38:05
965,rb2210,SHFE,0_0_     1624011,     2179448,多,平今,4942.0,1,2022-04-12 09:38:35
966,rb2210,SHFE,0_0_     1628586,     2180550,空,平今,4942.0,1,2022-04-12 09:38:43
967,rb2210,SHFE,0_0_     1628586,     2180614,空,平今,4942.0,1,2022-04-12 09:38:43
968,rb2210,SHFE,0_0_     1629054,     2181410,空,开,4941.0,1,2022-04-12 09:38:45
969,rb2210,SHFE,0_0_     1629054,     2181525,空,开,4941.0,1,2022-04-12 09:38:45
970,rb2210,SHFE,0_0_     1629303,     2181994,空,开,4940.0,3,2022-04-12 09:38:47
971,rb2210,SHFE,0_0_     1629054,     2183753,空,开,4941.0,2,2022-04-12 09:39:04
972,rb2210,SHFE,0_0_     1637608,     2194622,多,平今,4937.0,4,2022-04-12 09:40:32
973,rb2210,SHFE,0_0_     1643547,     2196275,空,开,4937.0,1,2022-04-12 09:40:47
974,rb2210,SHFE,0_0_     1644268,     2196944,多,平今,4936.0,1,2022-04-12 09:40:52
975,rb2210,SHFE,0_0_     1644291,     2199238,空,开,4937.0,1,2022-04-12 09:41:04
976,rb2210,SHFE,0_0_     1642669,     2201651,空,开,4938.0,3,2022-04-12 09:41:24
977,rb2210,SHFE,0_0_     1652854,     2207187,多,平今,4936.0,3,2022-04-12 09:42:06
978,rb2210,SHFE,0_0_     1653673,     2207832,多,平今,4936.0,4,2022-04-12 09:42:10
979,rb2210,SHFE,0_0_     1653829,     2207862,空,开,4937.0,2,2022-04-12 09:42:10
980,rb2210,SHFE,0_0_     1653829,     2207865,空,开,4937.0,2,2022-04-12 09:42:10
981,rb2210,SHFE,0_0_     1653858,     2208181,多,平今,4936.0,3,2022-04-12 09:42:13
982,rb2210,SHFE,0_0_     1653858,     2208261,多,平今,4936.0,1,2022-04-12 09:42:14
983,rb2210,SHFE,0_0_     1645372,     2210104,多,平今,4935.0,1,2022-04-12 09:42:28
984,rb2210,SHFE,0_0_     1655794,     2210149,空,开,4936.0,3,2022-04-12 09:42:28
985,rb2210,SHFE,0_0_     1657189,     2211519,多,开,4935.0,4,2022-04-12 09:42:43
986,rb2210,SHFE,0_0_     1657349,     2211557,空,平今,4936.0,4,2022-04-12 09:42:43
987,rb2210,SHFE,0_0_     1657357,     2211594,多,平今,4935.0,2,2022-04-12 09:42:44
988,rb2210,SHFE,0_0_     1657958,     2212367,空,开,4936.0,3,2022-04-12 09:42:56
989,rb2210,SHFE,0_0_     1655810,     2213108,空,开,4937.0,3,2022-04-12 09:43:02
990,rb2210,SHFE,0_0_     1655810,     2213122,空,开,4937.0,1,2022-04-12 09:43:02
991,rb2210,SHFE,0_0_     1659384,     2213684,多,开,4937.0,6,2022-04-12 09:43:06
992,rb2210,SHFE,0_0_     1659384,     2213685,多,开,4937.0,1,2022-04-12 09:43:06
993,rb2210,SHFE,0_0_     1659384,     2213713,多,开,4937.0,1,2022-04-12 09:43:06
994,rb2210,SHFE,0_0_     1660781,     2214977,空,平今,4936.0,1,2022-04-12 09:43:15
995,rb2210,SHFE,0_0_     1660781,     2214982,空,平今,4936.0,1,2022-04-12 09:43:15
996,rb2210,SHFE,0_0_     1661529,     2215329,空,平今,4936.0,1,2022-04-12 09:43:20
997,rb2210,SHFE,0_0_     1660489,     2216483,空,平今,4937.0,1,2022-04-12 09:43:35
998,rb2210,SHFE,0_0_     1663276,     2217460,多,平今,4936.0,4,2022-04-12 09:43:46
999,rb2210,SHFE,0_0_     1665060,     2218917,多,平今,4936.0,1,2022-04-12 09:44:05
1000,rb2210,SHFE,0_0_     1665535,     2220328,多,开,4936.0,4,2022-04-12 09:44:17
1001,rb2210,SHFE,0_0_     1667286,     2220443,空,平今,4937.0,1,2022-04-12 09:44:18
1002,rb2210,SHFE,0_0_     1667286,     2220444,空,平今,4937.0,1,2022-04-12 09:44:18
1003,rb2210,SHFE,0_0_     1667286,     2220453,空,平今,4937.0,1,2022-04-12 09:44:18
1004,rb2210,SHFE,0_0_     1667286,     2220469,空,平今,4937.0,1,2022-04-12 09:44:19
1005,rb2210,SHFE,0_0_     1667286,     2220501,空,平今,4937.0,2,2022-04-12 09:44:19
1006,rb2210,SHFE,0_0_     1667286,     2220508,空,平今,4937.0,2,2022-04-12 09:44:19
1007,rb2210,SHFE,0_0_     1678260,     2230330,多,平今,4939.0,1,2022-04-12 09:45:57
1008,rb2210,SHFE,0_0_     1682331,     2234708,多,开,4941.0,2,2022-04-12 09:46:20
1009,rb2210,SHFE,0_0_     1682331,     2234718,多,开,4941.0,1,2022-04-12 09:46:20
1010,rb2210,SHFE,0_0_     1687205,     2240061,多,开,4944.0,1,2022-04-12 09:47:00
1011,rb2210,SHFE,0_0_     1692765,     2250242,多,开,4944.0,2,2022-04-12 09:48:10
1012,rb2210,SHFE,0_0_     1695972,     2250246,空,平今,4945.0,2,2022-04-12 09:48:10
1013,rb2210,SHFE,0_0_     1702974,     2257093,多,平今,4950.0,2,2022-04-12 09:49:26
1014,rb2210,SHFE,0_0_     1703830,     2258238,多,开,4950.0,1,2022-04-12 09:49:32
1015,rb2210,SHFE,0_0_     1703916,     2258389,空,平今,4951.0,1,2022-04-12 09:49:33
1016,rb2210,SHFE,0_0_     1703966,     2258500,多,开,4950.0,1,2022-04-12 09:49:34
1017,rb2210,SHFE,0_0_     1704039,     2259690,空,平今,4951.0,1,2022-04-12 09:49:43
1018,rb2210,SHFE,0_0_     1705107,     2259815,多,开,4950.0,1,2022-04-12 09:49:43
1019,rb2210,SHFE,0_0_     1709178,     2264942,空,平今,4952.0,4,2022-04-12 09:50:16
1020,rb2210,SHFE,0_0_     1709410,     2265151,空,开,4951.0,3,2022-04-12 09:50:18
1021,rb2210,SHFE,0_0_     1709618,     2268155,多,平今,4950.000000000001,1,2022-04-12 09:50:37
1022,rb2210,SHFE,0_0_     1712643,     2271141,多,平今,4949.0,1,2022-04-12 09:50:52
1023,rb2210,SHFE,0_0_     1713980,     2278413,空,开,4950.0,2,2022-04-12 09:51:39
1024,rb2210,SHFE,0_0_     1727141,     2285788,多,平今,4947.0,1,2022-04-12 09:52:45
1025,rb2210,SHFE,0_0_     1727141,     2285803,多,平今,4947.0,1,2022-04-12 09:52:45
1026,rb2210,SHFE,0_0_     1727141,     2285858,多,平今,4947.0,1,2022-04-12 09:52:46
1027,rb2210,SHFE,0_0_     1743226,     2300985,空,开,4940.0,2,2022-04-12 09:54:35
1028,rb2210,SHFE,0_0_     1743226,     2300986,空,开,4940.0,1,2022-04-12 09:54:35
1029,rb2210,SHFE,0_0_     1743226,     2300987,空,开,4940.0,1,2022-04-12 09:54:35
1030,rb2210,SHFE,0_0_     1743226,     2300988,空,开,4940.0,4,2022-04-12 09:54:35
1031,rb2210,SHFE,0_0_     1744762,     2302943,多,平今,4939.0,3,2022-04-12 09:54:48
1032,rb2210,SHFE,0_0_     1745298,     2304632,多,平今,4941.0,1,2022-04-12 09:55:03
1033,rb2210,SHFE,0_0_     1746602,     2309157,多,平今,4942.0,3,2022-04-12 09:55:28
1034,rb2210,SHFE,0_0_     1756808,     2318493,空,开,4938.0,3,2022-04-12 09:56:34
1035,rb2210,SHFE,0_0_     1758002,     2320406,多,平今,4939.0,1,2022-04-12 09:56:50
1036,rb2210,SHFE,0_0_     1758915,     2323227,空,开,4940.0,1,2022-04-12 09:57:13
1037,rb2210,SHFE,0_0_     1758915,     2323230,空,开,4940.0,1,2022-04-12 09:57:13
1038,rb2210,SHFE,0_0_     1765354,     2349923,多,平今,4937.0,1,2022-04-12 10:01:02
1039,rb2210,SHFE,0_0_     1765354,     2350016,多,平今,4937.0,2,2022-04-12 10:01:03
1040,rb2210,SHFE,0_0_     1785883,     2350103,空,开,4938.0,2,2022-04-12 10:01:04
1041,rb2210,SHFE,0_0_     1785908,     2350426,多,平今,4937.0,2,2022-04-12 10:01:06
1042,rb2210,SHFE,0_0_     1786027,     2350638,空,开,4938.0,1,2022-04-12 10:01:07
1043,rb2210,SHFE,0_0_     1786027,     2350716,空,开,4938.0,1,2022-04-12 10:01:08
1044,rb2210,SHFE,0_0_     1786816,     2351700,空,开,4936.0,2,2022-04-12 10:01:14
1045,rb2210,SHFE,0_0_     1786816,     2351705,空,开,4936.0,1,2022-04-12 10:01:14
1046,rb2210,SHFE,0_0_     1787889,     2352723,多,平今,4935.0,2,2022-04-12 10:01:20
1047,rb2210,SHFE,0_0_     1786266,     2354248,空,平今,4937.0,1,2022-04-12 10:01:32
1048,rb2210,SHFE,0_0_     1789481,     2354419,多,平今,4936.0,1,2022-04-12 10:01:34
1049,rb2210,SHFE,0_0_     1810814,     2377012,多,平今,4939.0,4,2022-04-12 10:04:38
1050,rb2210,SHFE,0_0_     1824740,     2399760,多,开,4944.0,1,2022-04-12 10:08:01
1051,rb2210,SHFE,0_0_     1830559,     2399966,空,平今,4945.0,1,2022-04-12 10:08:02
1052,rb2210,SHFE,0_0_     1831203,     2400677,空,开,4943.0,1,2022-04-12 10:08:07
1053,rb2210,SHFE,0_0_     1831203,     2400678,空,开,4943.0,1,2022-04-12 10:08:07
1054,rb2210,SHFE,0_0_     1831203,     2400680,空,开,4943.0,2,2022-04-12 10:08:08
1055,rb2210,SHFE,0_0_     1835989,     2405263,多,平今,4938.0,2,2022-04-12 10:08:58
1056,rb2210,SHFE,0_0_     1831049,     2416897,空,开,4944.0,2,2022-04-12 10:10:25
1057,rb2210,SHFE,0_0_     1847807,     2417624,空,开,4941.0,1,2022-04-12 10:10:29
1058,rb2210,SHFE,0_0_     1866830,     2438609,多,开,4948.0,3,2022-04-12 10:13:10
1059,rb2210,SHFE,0_0_     1866830,     2438669,多,开,4948.0,1,2022-04-12 10:13:11
1060,rb2210,SHFE,0_0_     1876576,     2460172,多,平今,4953.0,1,2022-04-12 10:30:13
1061,rb2210,SHFE,0_0_     1876576,     2460176,多,平今,4953.0,1,2022-04-12 10:30:13
1062,rb2210,SHFE,0_0_     1876597,     2460389,空,平今,4954.0,3,2022-04-12 10:30:14
1063,rb2210,SHFE,0_0_     1876605,     2460572,多,平今,4953.0,1,2022-04-12 10:30:14
1064,rb2210,SHFE,0_0_     1876605,     2460582,多,平今,4953.0,1,2022-04-12 10:30:14
1065,rb2210,SHFE,0_0_     1876605,     2460584,多,平今,4953.0,1,2022-04-12 10:30:14
1066,rb2210,SHFE,0_0_     1876624,     2461668,空,平今,4954.0,1,2022-04-12 10:30:19
1067,rb2210,SHFE,0_0_     1876724,     2461857,多,开,4953.0,1,2022-04-12 10:30:20
1068,rb2210,SHFE,0_0_     1876724,     2461859,多,开,4953.0,1,2022-04-12 10:30:20
1069,rb2210,SHFE,0_0_     1876724,     2461860,多,开,4953.0,3,2022-04-12 10:30:20
1070,rb2210,SHFE,0_0_     1876746,     2462323,空,平今,4954.0,2,2022-04-12 10:30:21
1071,rb2210,SHFE,0_0_     1876831,     2465881,空,开,4953.0,8,2022-04-12 10:30:40
1072,rb2210,SHFE,0_0_     1877446,     2468405,多,平今,4954.0,1,2022-04-12 10:30:51
1073,rb2210,SHFE,0_0_     1877276,     2477019,多,平今,4953.0,2,2022-04-12 10:31:18
1074,rb2210,SHFE,0_0_     1877276,     2477022,多,平今,4953.0,1,2022-04-12 10:31:18
1075,rb2210,SHFE,0_0_     1877276,     2477024,多,平今,4953.0,1,2022-04-12 10:31:18
1076,rb2210,SHFE,0_0_     1879265,     2483982,空,平今,4953.0,1,2022-04-12 10:31:50
1077,rb2210,SHFE,0_0_     1879265,     2484115,空,平今,4953.0,2,2022-04-12 10:31:51
1078,rb2210,SHFE,0_0_     1879858,     2485029,多,平今,4952.0,1,2022-04-12 10:31:57
1079,rb2210,SHFE,0_0_     1879858,     2485039,多,平今,4952.0,1,2022-04-12 10:31:57
1080,rb2210,SHFE,0_0_     1880155,     2485113,空,开,4953.0,1,2022-04-12 10:31:57
1081,rb2210,SHFE,0_0_     1880155,     2485137,空,开,4953.0,1,2022-04-12 10:31:57
1082,rb2210,SHFE,0_0_     1880222,     2485549,多,平今,4952.0,2,2022-04-12 10:32:01
1083,rb2210,SHFE,0_0_     1880636,     2485720,空,开,4953.0,2,2022-04-12 10:32:01
1084,rb2210,SHFE,0_0_     1884818,     2498059,多,开,4957.0,1,2022-04-12 10:33:04
1085,rb2210,SHFE,0_0_     1885298,     2498930,多,开,4958.0,5,2022-04-12 10:33:07
1086,rb2210,SHFE,0_0_     1886948,     2503144,多,开,4958.0,1,2022-04-12 10:33:30
1087,rb2210,SHFE,0_0_     1886948,     2503171,多,开,4958.0,1,2022-04-12 10:33:30
1088,rb2210,SHFE,0_0_     1889724,     2507333,空,平今,4961.0,1,2022-04-12 10:33:54
1089,rb2210,SHFE,0_0_     1889964,     2507495,空,平今,4961.0,1,2022-04-12 10:33:56
1090,rb2210,SHFE,0_0_     1890299,     2508206,多,开,4961.0,2,2022-04-12 10:33:59
1091,rb2210,SHFE,0_0_     1890435,     2508574,空,平今,4961.0,4,2022-04-12 10:34:00
1092,rb2210,SHFE,0_0_     1891641,     2511319,多,开,4960.0,2,2022-04-12 10:34:14
1093,rb2210,SHFE,0_0_     1892452,     2512282,空,平今,4960.000000000001,1,2022-04-12 10:34:20
1094,rb2210,SHFE,0_0_     1892660,     2513762,空,平今,4961.0,5,2022-04-12 10:34:30
1095,rb2210,SHFE,0_0_     1893272,     2514012,多,开,4961.0,2,2022-04-12 10:34:31
1096,rb2210,SHFE,0_0_     1894205,     2516464,多,开,4960.0,1,2022-04-12 10:34:43
1097,rb2210,SHFE,0_0_     1894205,     2516481,多,开,4960.0,2,2022-04-12 10:34:43
1098,rb2210,SHFE,0_0_     1894205,     2516495,多,开,4960.0,1,2022-04-12 10:34:43
1099,rb2210,SHFE,0_0_     1893301,     2521869,空,平今,4962.0,1,2022-04-12 10:35:07
1100,rb2210,SHFE,0_0_     1893301,     2521892,空,平今,4962.0,1,2022-04-12 10:35:07
1101,rb2210,SHFE,0_0_     1897364,     2522022,多,开,4961.0,2,2022-04-12 10:35:07
1102,rb2210,SHFE,0_0_     1896684,     2525077,多,开,4960.0,1,2022-04-12 10:35:21
1103,rb2210,SHFE,0_0_     1899806,     2526641,多,开,4961.0,1,2022-04-12 10:35:31
1104,rb2210,SHFE,0_0_     1900715,     2528802,空,平今,4963.0,1,2022-04-12 10:35:42
1105,rb2210,SHFE,0_0_     1901377,     2529094,多,开,4962.0,1,2022-04-12 10:35:44
1106,rb2210,SHFE,0_0_     1901586,     2529335,空,平今,4963.0,4,2022-04-12 10:35:45
1107,rb2210,SHFE,0_0_     1901685,     2529385,多,开,4962.0,1,2022-04-12 10:35:45
1108,rb2210,SHFE,0_0_     1901685,     2529386,多,开,4962.0,3,2022-04-12 10:35:45
1109,rb2210,SHFE,0_0_     1902108,     2530040,空,平今,4962.0,1,2022-04-12 10:35:49
1110,rb2210,SHFE,0_0_     1903814,     2531852,空,平今,4961.0,3,2022-04-12 10:36:00
1111,rb2210,SHFE,0_0_     1902605,     2532651,空,平今,4962.0,4,2022-04-12 10:36:02
1112,rb2210,SHFE,0_0_     1904131,     2533691,多,开,4961.0,1,2022-04-12 10:36:06
1113,rb2210,SHFE,0_0_     1904131,     2533701,多,开,4961.0,3,2022-04-12 10:36:07
1114,rb2210,SHFE,0_0_     1920323,     2551560,空,平今,4960.0,1,2022-04-12 10:37:56
1115,rb2210,SHFE,0_0_     1941738,     2587627,空,开,4956.0,3,2022-04-12 10:40:56
1116,rb2210,SHFE,0_0_     1905019,     2601601,空,平今,4962.0,1,2022-04-12 10:42:19
1117,rb2210,SHFE,0_0_     1905019,     2601603,空,平今,4962.0,1,2022-04-12 10:42:19
1118,rb2210,SHFE,0_0_     1905019,     2601606,空,平今,4962.0,1,2022-04-12 10:42:19
1119,rb2210,SHFE,0_0_     1953474,     2601697,多,平今,4961.0,1,2022-04-12 10:42:19
1120,rb2210,SHFE,0_0_     1953474,     2601732,多,平今,4961.0,2,2022-04-12 10:42:19
1121,rb2210,SHFE,0_0_     1953930,     2602902,多,开,4961.0,1,2022-04-12 10:42:31
1122,rb2210,SHFE,0_0_     1953930,     2602918,多,开,4961.0,3,2022-04-12 10:42:31
1123,rb2210,SHFE,0_0_     1954598,     2609924,空,平今,4962.0,3,2022-04-12 10:43:22
1124,rb2210,SHFE,0_0_     1961466,     2610853,多,开,4963.0,1,2022-04-12 10:43:29
1125,rb2210,SHFE,0_0_     1961466,     2610854,多,开,4963.0,1,2022-04-12 10:43:29
1126,rb2210,SHFE,0_0_     1961640,     2611306,多,开,4962.0,5,2022-04-12 10:43:32
1127,rb2210,SHFE,0_0_     1961691,     2611336,空,平今,4962.0,1,2022-04-12 10:43:32
1128,rb2210,SHFE,0_0_     1961691,     2611337,空,平今,4962.0,1,2022-04-12 10:43:32
1129,rb2210,SHFE,0_0_     1961691,     2611338,空,平今,4962.0,1,2022-04-12 10:43:32
1130,rb2210,SHFE,0_0_     1961691,     2611339,空,平今,4962.0,2,2022-04-12 10:43:32
1131,rb2210,SHFE,0_0_     1961691,     2611340,空,平今,4962.0,3,2022-04-12 10:43:32
1132,rb2210,SHFE,0_0_     1960886,     2611483,多,平今,4961.0,1,2022-04-12 10:43:34
1133,rb2210,SHFE,0_0_     1960886,     2611569,多,平今,4961.0,1,2022-04-12 10:43:34
1134,rb2210,SHFE,0_0_     1960886,     2611576,多,平今,4961.0,1,2022-04-12 10:43:35
1135,rb2210,SHFE,0_0_     1961751,     2611890,空,开,4962.0,1,2022-04-12 10:43:37
1136,rb2210,SHFE,0_0_     1962390,     2612184,空,开,4962.000000000001,2,2022-04-12 10:43:41
1137,rb2210,SHFE,0_0_     1962449,     2612411,空,开,4962.0,1,2022-04-12 10:43:43
1138,rb2210,SHFE,0_0_     1962507,     2612458,空,开,4962.0,4,2022-04-12 10:43:43
1139,rb2210,SHFE,0_0_     1963018,     2613262,多,开,4962.0,4,2022-04-12 10:43:49
1140,rb2210,SHFE,0_0_     1962922,     2614841,多,平今,4961.0,5,2022-04-12 10:44:00
1141,rb2210,SHFE,0_0_     1964408,     2615015,空,平今,4962.0,1,2022-04-12 10:44:02
1142,rb2210,SHFE,0_0_     1964408,     2615031,空,平今,4962.0,1,2022-04-12 10:44:02
1143,rb2210,SHFE,0_0_     1964408,     2615051,空,平今,4962.0,2,2022-04-12 10:44:02
1144,rb2210,SHFE,0_0_     1964535,     2615655,多,平今,4961.0,2,2022-04-12 10:44:06
1145,rb2210,SHFE,0_0_     1965331,     2618311,多,开,4961.0,1,2022-04-12 10:44:22
1146,rb2210,SHFE,0_0_     1965331,     2618346,多,开,4961.0,1,2022-04-12 10:44:22
1147,rb2210,SHFE,0_0_     1967389,     2618683,空,平今,4962.0,1,2022-04-12 10:44:26
1148,rb2210,SHFE,0_0_     1967670,     2619538,多,平今,4961.0,1,2022-04-12 10:44:33
1149,rb2210,SHFE,0_0_     1967722,     2619602,多,开,4961.0,4,2022-04-12 10:44:33
1150,rb2210,SHFE,0_0_     1968314,     2620459,空,平今,4962.0,4,2022-04-12 10:44:41
1151,rb2210,SHFE,0_0_     1968717,     2620476,空,平今,4962.0,1,2022-04-12 10:44:41
1152,rb2210,SHFE,0_0_     1971099,     2624508,空,开,4966.0,2,2022-04-12 10:44:58
1153,rb2210,SHFE,0_0_     1971282,     2624824,多,平今,4966.0,1,2022-04-12 10:45:00
1154,rb2210,SHFE,0_0_     1971752,     2625927,空,开,4967.0,3,2022-04-12 10:45:02
1155,rb2210,SHFE,0_0_     1971752,     2625930,空,开,4967.0,1,2022-04-12 10:45:02
1156,rb2210,SHFE,0_0_     1971893,     2626586,多,平今,4966.0,3,2022-04-12 10:45:04
1157,rb2210,SHFE,0_0_     1980506,     2637779,多,平今,4959.0,2,2022-04-12 10:45:50
1158,rb2210,SHFE,0_0_     1994919,     2652037,空,开,4955.0,6,2022-04-12 10:47:29
1159,rb2210,SHFE,0_0_     1995037,     2652087,多,平今,4954.0,1,2022-04-12 10:47:30
1160,rb2210,SHFE,0_0_     1995037,     2652105,多,平今,4954.0,1,2022-04-12 10:47:30
1161,rb2210,SHFE,0_0_     1995037,     2652123,多,平今,4954.0,1,2022-04-12 10:47:30
1162,rb2210,SHFE,0_0_     1995216,     2652243,多,平今,4954.0,3,2022-04-12 10:47:31
1163,rb2210,SHFE,0_0_     1995306,     2652267,空,开,4955.0,4,2022-04-12 10:47:32
1164,rb2210,SHFE,0_0_     2005492,     2660900,空,开,4957.0,2,2022-04-12 10:49:13
1165,rb2210,SHFE,0_0_     2008662,     2663693,多,平今,4956.0,2,2022-04-12 10:49:41
1166,rb2210,SHFE,0_0_     2008662,     2663698,多,平今,4956.0,2,2022-04-12 10:49:41
1167,rb2210,SHFE,0_0_     2018607,     2679969,多,开,4960.0,2,2022-04-12 10:51:44
1168,rb2210,SHFE,0_0_     2018607,     2680013,多,开,4960.0,1,2022-04-12 10:51:44
1169,rb2210,SHFE,0_0_     2018607,     2680146,多,开,4960.0,1,2022-04-12 10:51:45
1170,rb2210,SHFE,0_0_     2018607,     2680173,多,开,4960.0,1,2022-04-12 10:51:46
1171,rb2210,SHFE,0_0_     2018607,     2680174,多,开,4960.0,1,2022-04-12 10:51:46
1172,rb2210,SHFE,0_0_     2042685,     2698161,空,平今,4963.0,1,2022-04-12 10:54:23
1173,rb2210,SHFE,0_0_     2049017,     2704393,多,开,4966.0,1,2022-04-12 10:55:13
1174,rb2210,SHFE,0_0_     2050195,     2706148,空,平今,4967.0,1,2022-04-12 10:55:27
1175,rb2210,SHFE,0_0_     2050933,     2706270,空,平今,4967.0,3,2022-04-12 10:55:28
1176,rb2210,SHFE,0_0_     2050995,     2706891,多,开,4967.0,2,2022-04-12 10:55:31
1177,rb2210,SHFE,0_0_     2046807,     2713349,多,平今,4962.0,2,2022-04-12 10:56:16
1178,rb2210,SHFE,0_0_     2059405,     2718357,空,开,4963.0,2,2022-04-12 10:57:02
1179,rb2210,SHFE,0_0_     2062795,     2720105,多,平今,4963.0,1,2022-04-12 10:57:17
1180,rb2210,SHFE,0_0_     2062795,     2720106,多,平今,4963.0,1,2022-04-12 10:57:17
1181,rb2210,SHFE,0_0_     2067320,     2724204,空,开,4962.0,4,2022-04-12 10:58:10
1182,rb2210,SHFE,0_0_     2070381,     2726424,多,平今,4964.0,2,2022-04-12 10:58:36
1183,rb2210,SHFE,0_0_     2071465,     2728328,空,开,4964.0,3,2022-04-12 10:58:49
1184,rb2210,SHFE,0_0_     2073266,     2731000,多,平今,4963.0,2,2022-04-12 10:59:10
1185,rb2210,SHFE,0_0_     2051924,     2732966,空,平今,4967.0,1,2022-04-12 10:59:27
1186,rb2210,SHFE,0_0_     2051924,     2733024,空,平今,4967.0,1,2022-04-12 10:59:27
1187,rb2210,SHFE,0_0_     2051924,     2733026,空,平今,4967.0,1,2022-04-12 10:59:27
1188,rb2210,SHFE,0_0_     2077070,     2733470,空,开,4967.0,1,2022-04-12 10:59:29
1189,rb2210,SHFE,0_0_     2077070,     2733471,空,开,4967.0,1,2022-04-12 10:59:29
1190,rb2210,SHFE,0_0_     2077188,     2735636,多,开,4967.0,7,2022-04-12 10:59:42
1191,rb2210,SHFE,0_0_     2078740,     2736055,空,平今,4968.0,4,2022-04-12 10:59:45
1192,rb2210,SHFE,0_0_     2089590,     2752375,多,平今,4969.0,4,2022-04-12 11:01:09
1193,rb2210,SHFE,0_0_     2096782,     2765199,空,平今,4972.0,4,2022-04-12 11:02:50
1194,rb2210,SHFE,0_0_     2100992,     2769005,多,开,4971.000000000001,4,2022-04-12 11:03:11
1195,rb2210,SHFE,0_0_     2103322,     2769038,空,平今,4972.0,4,2022-04-12 11:03:11
1196,rb2210,SHFE,0_0_     2107261,     2776078,空,开,4974.0,1,2022-04-12 11:04:14
1197,rb2210,SHFE,0_0_     2112294,     2778282,多,开,4973.0,1,2022-04-12 11:04:34
1198,rb2210,SHFE,0_0_     2112294,     2778283,多,开,4973.0,1,2022-04-12 11:04:34
1199,rb2210,SHFE,0_0_     2113390,     2778673,空,平今,4974.0,1,2022-04-12 11:04:39
1200,rb2210,SHFE,0_0_     2113390,     2778681,空,平今,4974.0,1,2022-04-12 11:04:39
1201,rb2210,SHFE,0_0_     2113794,     2779295,多,开,4974.0,1,2022-04-12 11:04:46
1202,rb2210,SHFE,0_0_     2113794,     2779296,多,开,4974.0,1,2022-04-12 11:04:46
1203,rb2210,SHFE,0_0_     2113794,     2779303,多,开,4974.0,1,2022-04-12 11:04:46
1204,rb2210,SHFE,0_0_     2113794,     2779329,多,开,4974.0,1,2022-04-12 11:04:47
1205,rb2210,SHFE,0_0_     2114188,     2779553,多,平今,4974.0,1,2022-04-12 11:04:49
1206,rb2210,SHFE,0_0_     2114705,     2780206,空,平今,4975.0,4,2022-04-12 11:04:54
1207,rb2210,SHFE,0_0_     2116946,     2782464,多,开,4973.0,1,2022-04-12 11:05:12
1208,rb2210,SHFE,0_0_     2115244,     2782884,空,开,4975.0,2,2022-04-12 11:05:17
1209,rb2210,SHFE,0_0_     2115244,     2782892,空,开,4975.0,1,2022-04-12 11:05:17
1210,rb2210,SHFE,0_0_     2117443,     2783594,多,开,4974.0,4,2022-04-12 11:05:23
1211,rb2210,SHFE,0_0_     2116946,     2784169,多,开,4973.0,1,2022-04-12 11:05:26
1212,rb2210,SHFE,0_0_     2116946,     2784179,多,开,4973.0,2,2022-04-12 11:05:26
1213,rb2210,SHFE,0_0_     2118109,     2785023,空,平今,4974.0,3,2022-04-12 11:05:30
1214,rb2210,SHFE,0_0_     2119557,     2786587,空,平今,4975.0,4,2022-04-12 11:05:41
1215,rb2210,SHFE,0_0_     2120668,     2787571,多,开,4976.0,7,2022-04-12 11:05:50
1216,rb2210,SHFE,0_0_     2120754,     2787870,空,平今,4977.000000000001,1,2022-04-12 11:05:51
1217,rb2210,SHFE,0_0_     2120874,     2788116,空,平今,4977.0,2,2022-04-12 11:05:52
1218,rb2210,SHFE,0_0_     2120968,     2788463,空,平今,4977.0,2,2022-04-12 11:05:54
1219,rb2210,SHFE,0_0_     2120968,     2788465,空,平今,4977.0,1,2022-04-12 11:05:54
1220,rb2210,SHFE,0_0_     2121012,     2788545,空,开,4977.0,4,2022-04-12 11:05:54
1221,rb2210,SHFE,0_0_     2121056,     2788667,多,平今,4977.0,7,2022-04-12 11:05:55
1222,rb2210,SHFE,0_0_     2121478,     2789187,空,开,4977.0,2,2022-04-12 11:05:58
1223,rb2210,SHFE,0_0_     2121478,     2789188,空,开,4977.0,2,2022-04-12 11:05:58
1224,rb2210,SHFE,0_0_     2121619,     2789442,多,开,4977.0,3,2022-04-12 11:06:00
1225,rb2210,SHFE,0_0_     2121619,     2789444,多,开,4977.0,2,2022-04-12 11:06:00
1226,rb2210,SHFE,0_0_     2121682,     2789535,多,平今,4977.0,4,2022-04-12 11:06:00
1227,rb2210,SHFE,0_0_     2125030,     2792750,空,开,4975.0,1,2022-04-12 11:06:20
1228,rb2210,SHFE,0_0_     2128269,     2796153,空,开,4973.0,1,2022-04-12 11:06:45
1229,rb2210,SHFE,0_0_     2128526,     2796286,多,平今,4972.000000000001,1,2022-04-12 11:06:46
1230,rb2210,SHFE,0_0_     2103585,     2796460,多,平今,4971.0,1,2022-04-12 11:06:48
1231,rb2210,SHFE,0_0_     2128902,     2796468,空,开,4972.0,1,2022-04-12 11:06:48
1232,rb2210,SHFE,0_0_     2138482,     2806574,空,开,4973.0,4,2022-04-12 11:08:02
1233,rb2210,SHFE,0_0_     2151271,     2820058,空,开,4975.0,1,2022-04-12 11:10:14
