,code,exchange,orderid,tradeid,direction,offset,price,volume,datetime
0,rb2210,SHFE,0_0_      158719,      408222,多,开,5118.0,1,2022-04-06 21:19:53
1,rb2210,SHFE,0_0_      159317,      408952,多,开,5118.0,1,2022-04-06 21:19:58
2,rb2210,SHFE,0_0_      160447,      409622,空,开,5118.0,4,2022-04-06 21:20:00
3,rb2210,SHFE,0_0_      160447,      409623,空,开,5118.0,2,2022-04-06 21:20:00
4,rb2210,SHFE,0_0_      192234,      450540,空,平今,5112.0,1,2022-04-06 21:23:31
5,rb2210,SHFE,0_0_      193147,      451034,多,平今,5111.0,2,2022-04-06 21:23:35
6,rb2210,SHFE,0_0_      236027,      501378,多,平今,5111.0,1,2022-04-06 21:27:43
7,rb2210,SHFE,0_0_      236027,      501428,多,平今,5111.0,1,2022-04-06 21:27:43
8,rb2210,SHFE,0_0_      236027,      501442,多,平今,5111.0,2,2022-04-06 21:27:43
9,rb2210,SHFE,0_0_      239164,      505172,多,开,5113.0,4,2022-04-06 21:28:08
10,rb2210,SHFE,0_0_      243587,      508487,空,平今,5117.0,1,2022-04-06 21:28:32
11,rb2210,SHFE,0_0_      243587,      508534,空,平今,5117.0,1,2022-04-06 21:28:32
12,rb2210,SHFE,0_0_      244447,      509400,多,开,5118.0,1,2022-04-06 21:28:38
13,rb2210,SHFE,0_0_      250817,      515917,多,开,5116.0,2,2022-04-06 21:29:19
14,rb2210,SHFE,0_0_      250817,      515941,多,开,5116.0,2,2022-04-06 21:29:20
15,rb2210,SHFE,0_0_      251933,      517148,空,平今,5117.0,1,2022-04-06 21:29:30
16,rb2210,SHFE,0_0_      244451,      518704,空,平今,5119.0,1,2022-04-06 21:29:40
17,rb2210,SHFE,0_0_      253503,      521806,多,开,5118.0,1,2022-04-06 21:30:00
18,rb2210,SHFE,0_0_      256811,      522102,空,平今,5119.0,4,2022-04-06 21:30:00
19,rb2210,SHFE,0_0_      256721,      522703,多,开,5118.0,1,2022-04-06 21:30:02
20,rb2210,SHFE,0_0_      256890,      523134,多,开,5118.0,4,2022-04-06 21:30:03
21,rb2210,SHFE,0_0_      257559,      526150,空,开,5118.0,8,2022-04-06 21:30:10
22,rb2210,SHFE,0_0_      259748,      526754,多,平今,5119.0,4,2022-04-06 21:30:13
23,rb2210,SHFE,0_0_      262352,      530606,空,平今,5123.0,3,2022-04-06 21:30:26
24,rb2210,SHFE,0_0_      263247,      531549,空,平今,5123.0,2,2022-04-06 21:30:31
25,rb2210,SHFE,0_0_      263653,      532154,多,平今,5122.0,2,2022-04-06 21:30:34
26,rb2210,SHFE,0_0_      279973,      557552,多,开,5117.0,3,2022-04-06 21:33:07
27,rb2210,SHFE,0_0_      289580,      560197,空,平今,5118.0,3,2022-04-06 21:33:26
28,rb2210,SHFE,0_0_      301695,      570348,多,开,5117.0,1,2022-04-06 21:34:34
29,rb2210,SHFE,0_0_      301695,      570349,多,开,5117.0,2,2022-04-06 21:34:34
30,rb2210,SHFE,0_0_      306605,      574884,空,平今,5118.0,4,2022-04-06 21:35:03
31,rb2210,SHFE,0_0_      308983,      578606,多,平今,5118.0,1,2022-04-06 21:35:16
32,rb2210,SHFE,0_0_      317849,      588928,多,开,5118.0,2,2022-04-06 21:36:18
33,rb2210,SHFE,0_0_      330158,      602354,多,开,5118.0,1,2022-04-06 21:37:27
34,rb2210,SHFE,0_0_      330158,      602355,多,开,5118.0,1,2022-04-06 21:37:27
35,rb2210,SHFE,0_0_      330158,      602505,多,开,5118.0,2,2022-04-06 21:37:28
36,rb2210,SHFE,0_0_      341416,      610212,空,平今,5116.0,1,2022-04-06 21:38:33
37,rb2210,SHFE,0_0_      358455,      629336,空,平今,5112.0,1,2022-04-06 21:40:38
38,rb2210,SHFE,0_0_      358455,      629390,空,平今,5112.0,2,2022-04-06 21:40:38
39,rb2210,SHFE,0_0_      361874,      634120,空,开,5114.0,4,2022-04-06 21:41:08
40,rb2210,SHFE,0_0_      351326,      634486,空,平今,5115.0,2,2022-04-06 21:41:11
41,rb2210,SHFE,0_0_      364156,      634527,多,开,5114.0,2,2022-04-06 21:41:11
42,rb2210,SHFE,0_0_      363887,      636268,多,平今,5113.0,1,2022-04-06 21:41:22
43,rb2210,SHFE,0_0_      363887,      636433,多,平今,5113.0,1,2022-04-06 21:41:23
44,rb2210,SHFE,0_0_      363887,      636517,多,平今,5113.0,1,2022-04-06 21:41:24
45,rb2210,SHFE,0_0_      363887,      636647,多,平今,5113.0,1,2022-04-06 21:41:25
46,rb2210,SHFE,0_0_      376327,      648436,空,平今,5112.0,3,2022-04-06 21:42:34
47,rb2210,SHFE,0_0_      376884,      653320,多,开,5112.0,2,2022-04-06 21:43:00
48,rb2210,SHFE,0_0_      376884,      653344,多,开,5112.0,2,2022-04-06 21:43:01
49,rb2210,SHFE,0_0_      381171,      654197,空,平今,5114.0,1,2022-04-06 21:43:06
50,rb2210,SHFE,0_0_      382450,      654729,空,平今,5114.0,1,2022-04-06 21:43:08
51,rb2210,SHFE,0_0_      382450,      654962,空,平今,5114.0,1,2022-04-06 21:43:09
52,rb2210,SHFE,0_0_      382746,      655066,多,平今,5113.0,1,2022-04-06 21:43:10
53,rb2210,SHFE,0_0_      382848,      659145,空,平今,5114.0,1,2022-04-06 21:43:34
54,rb2210,SHFE,0_0_      385827,      659365,多,开,5113.0,1,2022-04-06 21:43:36
55,rb2210,SHFE,0_0_      386017,      659391,空,平今,5114.0,1,2022-04-06 21:43:36
56,rb2210,SHFE,0_0_      386025,      659882,多,开,5113.000000000001,1,2022-04-06 21:43:39
57,rb2210,SHFE,0_0_      386607,      659924,空,平今,5114.0,1,2022-04-06 21:43:39
58,rb2210,SHFE,0_0_      386654,      660102,多,开,5113.000000000001,1,2022-04-06 21:43:40
59,rb2210,SHFE,0_0_      394176,      673011,多,开,5109.0,1,2022-04-06 21:44:42
60,rb2210,SHFE,0_0_      394176,      673014,多,开,5109.0,2,2022-04-06 21:44:42
61,rb2210,SHFE,0_0_      399225,      680390,空,平今,5115.0,2,2022-04-06 21:45:12
62,rb2210,SHFE,0_0_      399616,      681002,空,开,5117.0,7,2022-04-06 21:45:13
63,rb2210,SHFE,0_0_      399602,      691464,多,开,5114.0,2,2022-04-06 21:46:03
64,rb2210,SHFE,0_0_      407777,      691712,空,平今,5115.0,1,2022-04-06 21:46:04
65,rb2210,SHFE,0_0_      407777,      691715,空,平今,5115.0,1,2022-04-06 21:46:04
66,rb2210,SHFE,0_0_      407880,      691980,多,平今,5115.0,1,2022-04-06 21:46:04
67,rb2210,SHFE,0_0_      408044,      692055,空,平今,5116.0,1,2022-04-06 21:46:05
68,rb2210,SHFE,0_0_      418331,      703532,多,平今,5121.0,2,2022-04-06 21:47:37
69,rb2210,SHFE,0_0_      423694,      710393,多,开,5123.0,3,2022-04-06 21:48:17
70,rb2210,SHFE,0_0_      424912,      712970,空,平今,5128.0,4,2022-04-06 21:48:25
71,rb2210,SHFE,0_0_      425116,      713407,多,开,5128.0,7,2022-04-06 21:48:26
72,rb2210,SHFE,0_0_      427702,      720304,多,平今,5131.0,1,2022-04-06 21:48:53
73,rb2210,SHFE,0_0_      427702,      720365,多,平今,5131.0,1,2022-04-06 21:48:53
74,rb2210,SHFE,0_0_      427702,      720376,多,平今,5131.0,2,2022-04-06 21:48:53
75,rb2210,SHFE,0_0_      429195,      721146,空,平今,5132.0,1,2022-04-06 21:48:57
76,rb2210,SHFE,0_0_      429195,      721163,空,平今,5132.0,1,2022-04-06 21:48:57
77,rb2210,SHFE,0_0_      429195,      721200,空,平今,5132.0,2,2022-04-06 21:48:57
78,rb2210,SHFE,0_0_      429518,      721202,多,开,5131.0,1,2022-04-06 21:48:57
79,rb2210,SHFE,0_0_      429518,      721203,多,开,5131.0,3,2022-04-06 21:48:57
80,rb2210,SHFE,0_0_      431434,      725740,空,平今,5137.0,1,2022-04-06 21:49:13
81,rb2210,SHFE,0_0_      431521,      725750,多,开,5136.0,1,2022-04-06 21:49:13
82,rb2210,SHFE,0_0_      431524,      725973,空,平今,5137.0,1,2022-04-06 21:49:14
83,rb2210,SHFE,0_0_      431667,      726048,多,开,5136.0,1,2022-04-06 21:49:15
84,rb2210,SHFE,0_0_      431766,      726433,空,平今,5137.0,3,2022-04-06 21:49:16
85,rb2210,SHFE,0_0_      431833,      727177,空,平今,5137.0,3,2022-04-06 21:49:20
86,rb2210,SHFE,0_0_      431833,      727181,空,平今,5137.0,1,2022-04-06 21:49:20
87,rb2210,SHFE,0_0_      432517,      727241,多,开,5136.0,4,2022-04-06 21:49:20
88,rb2210,SHFE,0_0_      435856,      731717,空,平今,5133.0,3,2022-04-06 21:49:52
89,rb2210,SHFE,0_0_      436114,      731926,多,开,5132.0,3,2022-04-06 21:49:54
90,rb2210,SHFE,0_0_      436298,      732018,空,平今,5133.0,3,2022-04-06 21:49:54
91,rb2210,SHFE,0_0_      436402,      732031,空,开,5133.0,3,2022-04-06 21:49:55
92,rb2210,SHFE,0_0_      436480,      732126,多,开,5133.0,3,2022-04-06 21:49:56
93,rb2210,SHFE,0_0_      436480,      732127,多,开,5133.0,1,2022-04-06 21:49:56
94,rb2210,SHFE,0_0_      436480,      732128,多,开,5133.0,1,2022-04-06 21:49:56
95,rb2210,SHFE,0_0_      439199,      736708,空,平今,5130.000000000001,3,2022-04-06 21:50:13
96,rb2210,SHFE,0_0_      438026,      739687,空,开,5133.0,4,2022-04-06 21:50:30
97,rb2210,SHFE,0_0_      441823,      740100,多,平今,5132.0,4,2022-04-06 21:50:33
98,rb2210,SHFE,0_0_      442118,      740557,多,平今,5133.0,1,2022-04-06 21:50:36
99,rb2210,SHFE,0_0_      442118,      740562,多,平今,5133.0,1,2022-04-06 21:50:36
100,rb2210,SHFE,0_0_      442180,      740641,空,开,5134.0,2,2022-04-06 21:50:36
101,rb2210,SHFE,0_0_      442230,      740930,多,平今,5133.0,1,2022-04-06 21:50:39
102,rb2210,SHFE,0_0_      442230,      740968,多,平今,5133.0,1,2022-04-06 21:50:39
103,rb2210,SHFE,0_0_      442510,      741183,空,开,5134.0,1,2022-04-06 21:50:40
104,rb2210,SHFE,0_0_      433322,      743776,空,平今,5136.0,1,2022-04-06 21:50:57
105,rb2210,SHFE,0_0_      437355,      743810,空,平今,5136.0,3,2022-04-06 21:50:57
106,rb2210,SHFE,0_0_      444949,      743862,多,开,5135.0,1,2022-04-06 21:50:57
107,rb2210,SHFE,0_0_      444949,      743863,多,开,5135.0,1,2022-04-06 21:50:57
108,rb2210,SHFE,0_0_      444949,      743864,多,开,5135.0,1,2022-04-06 21:50:57
109,rb2210,SHFE,0_0_      444949,      743865,多,开,5135.0,1,2022-04-06 21:50:57
110,rb2210,SHFE,0_0_      444959,      743930,空,平今,5135.0,2,2022-04-06 21:50:57
111,rb2210,SHFE,0_0_      446876,      746021,多,平今,5136.0,1,2022-04-06 21:51:10
112,rb2210,SHFE,0_0_      447524,      746616,空,平今,5135.0,2,2022-04-06 21:51:14
113,rb2210,SHFE,0_0_      447571,      746859,多,开,5134.0,2,2022-04-06 21:51:16
114,rb2210,SHFE,0_0_      449240,      747932,空,平今,5132.0,1,2022-04-06 21:51:22
115,rb2210,SHFE,0_0_      441560,      748169,多,平今,5130.0,1,2022-04-06 21:51:24
116,rb2210,SHFE,0_0_      449637,      749463,空,平今,5131.0,1,2022-04-06 21:51:35
117,rb2210,SHFE,0_0_      450957,      749765,多,开,5130.0,1,2022-04-06 21:51:38
118,rb2210,SHFE,0_0_      451379,      751195,空,平今,5131.0,1,2022-04-06 21:51:56
119,rb2210,SHFE,0_0_      465608,      763631,空,开,5133.0,3,2022-04-06 21:53:42
120,rb2210,SHFE,0_0_      476304,      775336,空,开,5131.0,1,2022-04-06 21:55:13
121,rb2210,SHFE,0_0_      476304,      775347,空,开,5131.0,1,2022-04-06 21:55:13
122,rb2210,SHFE,0_0_      476335,      775463,多,平今,5130.0,1,2022-04-06 21:55:14
123,rb2210,SHFE,0_0_      509482,      811219,空,开,5129.0,1,2022-04-06 22:00:09
124,rb2210,SHFE,0_0_      510016,      811302,多,平今,5128.0,1,2022-04-06 22:00:09
125,rb2210,SHFE,0_0_      510066,      811539,空,开,5129.0,1,2022-04-06 22:00:10
126,rb2210,SHFE,0_0_      510273,      831931,多,平今,5128.0,2,2022-04-06 22:02:13
127,rb2210,SHFE,0_0_      528521,      833233,空,开,5129.0,2,2022-04-06 22:02:27
128,rb2210,SHFE,0_0_      532351,      838772,多,开,5128.0,1,2022-04-06 22:03:04
129,rb2210,SHFE,0_0_      532351,      838826,多,开,5128.0,1,2022-04-06 22:03:05
130,rb2210,SHFE,0_0_      532299,      844001,多,平今,5127.0,4,2022-04-06 22:04:04
131,rb2210,SHFE,0_0_      540891,      844584,空,平今,5127.0,2,2022-04-06 22:04:12
132,rb2210,SHFE,0_0_      541357,      852426,多,平今,5126.0,1,2022-04-06 22:05:35
133,rb2210,SHFE,0_0_      550493,      854146,空,开,5127.0,1,2022-04-06 22:05:50
134,rb2210,SHFE,0_0_      553041,      855518,多,平今,5126.0,1,2022-04-06 22:06:03
135,rb2210,SHFE,0_0_      558092,      858983,空,开,5126.0,4,2022-04-06 22:06:44
136,rb2210,SHFE,0_0_      559339,      859521,多,平今,5127.0,1,2022-04-06 22:06:52
137,rb2210,SHFE,0_0_      559723,      859850,多,平今,5127.0,1,2022-04-06 22:06:56
138,rb2210,SHFE,0_0_      575933,      873670,空,开,5123.0,1,2022-04-06 22:09:32
139,rb2210,SHFE,0_0_      576052,      873753,多,平今,5122.0,1,2022-04-06 22:09:33
140,rb2210,SHFE,0_0_      579631,      877742,多,开,5121.0,4,2022-04-06 22:10:01
141,rb2210,SHFE,0_0_      576183,      878142,空,开,5123.0,2,2022-04-06 22:10:04
142,rb2210,SHFE,0_0_      580267,      878288,多,平今,5123.0,1,2022-04-06 22:10:05
143,rb2210,SHFE,0_0_      581725,      879667,多,平今,5125.0,1,2022-04-06 22:10:17
144,rb2210,SHFE,0_0_      586583,      885197,多,平今,5126.0,1,2022-04-06 22:11:00
145,rb2210,SHFE,0_0_      586583,      885198,多,平今,5126.0,1,2022-04-06 22:11:00
146,rb2210,SHFE,0_0_      586638,      885258,空,平今,5127.000000000001,2,2022-04-06 22:11:01
147,rb2210,SHFE,0_0_      594977,      901073,空,开,5132.0,3,2022-04-06 22:13:16
148,rb2210,SHFE,0_0_      603204,      901164,多,平今,5131.0,2,2022-04-06 22:13:16
149,rb2210,SHFE,0_0_      603454,      901549,空,开,5131.0,1,2022-04-06 22:13:18
150,rb2210,SHFE,0_0_      603454,      901618,空,开,5131.0,3,2022-04-06 22:13:19
151,rb2210,SHFE,0_0_      603657,      903163,空,平今,5131.0,1,2022-04-06 22:13:29
152,rb2210,SHFE,0_0_      612067,      910980,多,平今,5128.0,2,2022-04-06 22:14:39
153,rb2210,SHFE,0_0_      631066,      928709,多,平今,5131.0,3,2022-04-06 22:17:23
154,rb2210,SHFE,0_0_      638633,      936828,多,开,5131.0,4,2022-04-06 22:18:41
155,rb2210,SHFE,0_0_      646420,      942425,空,平今,5134.0,4,2022-04-06 22:19:41
156,rb2210,SHFE,0_0_      646454,      947365,多,开,5133.0,2,2022-04-06 22:20:20
157,rb2210,SHFE,0_0_      653733,      950545,多,开,5133.0,1,2022-04-06 22:20:55
158,rb2210,SHFE,0_0_      670489,      963909,空,开,5128.0,1,2022-04-06 22:23:10
159,rb2210,SHFE,0_0_      670489,      963965,空,开,5128.0,1,2022-04-06 22:23:10
160,rb2210,SHFE,0_0_      670489,      963969,空,开,5128.0,1,2022-04-06 22:23:10
161,rb2210,SHFE,0_0_      670489,      964068,空,开,5128.0,4,2022-04-06 22:23:11
162,rb2210,SHFE,0_0_      671115,      964414,多,平今,5129.0,1,2022-04-06 22:23:13
163,rb2210,SHFE,0_0_      671115,      964424,多,平今,5129.0,3,2022-04-06 22:23:13
164,rb2210,SHFE,0_0_      654440,      970009,空,平今,5134.0,1,2022-04-06 22:24:15
165,rb2210,SHFE,0_0_      681599,      975951,多,平今,5141.0,1,2022-04-06 22:24:39
166,rb2210,SHFE,0_0_      681691,      976104,空,平今,5142.0,1,2022-04-06 22:24:41
167,rb2210,SHFE,0_0_      681691,      976112,空,平今,5142.0,2,2022-04-06 22:24:41
168,rb2210,SHFE,0_0_      681780,      976180,多,开,5141.0,1,2022-04-06 22:24:41
169,rb2210,SHFE,0_0_      681780,      976184,多,开,5141.0,1,2022-04-06 22:24:41
170,rb2210,SHFE,0_0_      681780,      976185,多,开,5141.0,1,2022-04-06 22:24:41
171,rb2210,SHFE,0_0_      681780,      976205,多,开,5141.0,1,2022-04-06 22:24:41
172,rb2210,SHFE,0_0_      681801,      976357,多,平今,5141.0,1,2022-04-06 22:24:42
173,rb2210,SHFE,0_0_      681891,      976456,空,平今,5142.0,3,2022-04-06 22:24:43
174,rb2210,SHFE,0_0_      682947,      977738,空,开,5140.0,2,2022-04-06 22:24:49
175,rb2210,SHFE,0_0_      682947,      977740,空,开,5140.0,3,2022-04-06 22:24:49
176,rb2210,SHFE,0_0_      682947,      977741,空,开,5140.0,1,2022-04-06 22:24:49
177,rb2210,SHFE,0_0_      683076,      977833,多,平今,5139.0,1,2022-04-06 22:24:50
178,rb2210,SHFE,0_0_      691990,      986856,多,平今,5140.0,4,2022-04-06 22:26:15
179,rb2210,SHFE,0_0_      694764,      989461,空,开,5139.0,1,2022-04-06 22:26:42
180,rb2210,SHFE,0_0_      694764,      989464,空,开,5139.0,3,2022-04-06 22:26:42
181,rb2210,SHFE,0_0_      694859,      989785,多,平今,5138.0,3,2022-04-06 22:26:48
182,rb2210,SHFE,0_0_      694859,      989793,多,平今,5138.0,1,2022-04-06 22:26:48
183,rb2210,SHFE,0_0_      702584,      996469,空,平今,5137.0,1,2022-04-06 22:28:05
184,rb2210,SHFE,0_0_      695385,      997535,空,开,5139.0,1,2022-04-06 22:28:21
185,rb2210,SHFE,0_0_      695385,      997641,空,开,5139.0,1,2022-04-06 22:28:22
186,rb2210,SHFE,0_0_      695385,      997695,空,开,5139.0,1,2022-04-06 22:28:23
187,rb2210,SHFE,0_0_      695385,      997768,空,开,5139.0,1,2022-04-06 22:28:24
188,rb2210,SHFE,0_0_      706114,      998059,多,平今,5138.0,1,2022-04-06 22:28:29
189,rb2210,SHFE,0_0_      707393,      998929,多,平今,5138.0,1,2022-04-06 22:28:40
190,rb2210,SHFE,0_0_      719140,     1014331,多,平今,5130.0,4,2022-04-06 22:30:26
191,rb2210,SHFE,0_0_      719168,     1014985,空,开,5131.0,4,2022-04-06 22:30:28
192,rb2210,SHFE,0_0_      719489,     1015062,多,平今,5130.0,1,2022-04-06 22:30:29
193,rb2210,SHFE,0_0_      719489,     1015073,多,平今,5130.0,3,2022-04-06 22:30:29
194,rb2210,SHFE,0_0_      721766,     1018066,多,开,5130.0,1,2022-04-06 22:30:42
195,rb2210,SHFE,0_0_      721979,     1018797,空,平今,5131.0,1,2022-04-06 22:30:47
196,rb2210,SHFE,0_0_      727027,     1024862,空,开,5128.0,1,2022-04-06 22:31:24
197,rb2210,SHFE,0_0_      735427,     1033815,空,开,5131.0,1,2022-04-06 22:32:36
198,rb2210,SHFE,0_0_      739875,     1038839,多,平今,5130.0,1,2022-04-06 22:33:14
199,rb2210,SHFE,0_0_      758544,     1052670,多,平今,5132.0,1,2022-04-06 22:36:04
200,rb2210,SHFE,0_0_      762809,     1054931,空,开,5133.0,4,2022-04-06 22:36:34
201,rb2210,SHFE,0_0_      763411,     1056635,多,开,5132.0,1,2022-04-06 22:36:46
202,rb2210,SHFE,0_0_      763411,     1059545,多,开,5132.0,1,2022-04-06 22:37:17
203,rb2210,SHFE,0_0_      763411,     1059705,多,开,5132.0,2,2022-04-06 22:37:20
204,rb2210,SHFE,0_0_      763411,     1059722,多,开,5132.0,1,2022-04-06 22:37:20
205,rb2210,SHFE,0_0_      769408,     1060122,空,平今,5133.0,1,2022-04-06 22:37:27
206,rb2210,SHFE,0_0_      791361,     1081763,空,平今,5135.0,1,2022-04-06 22:40:54
207,rb2210,SHFE,0_0_      802987,     1092577,空,平今,5126.0,2,2022-04-06 22:42:39
208,rb2210,SHFE,0_0_      820500,     1109728,多,平今,5122.0,2,2022-04-06 22:45:09
209,rb2210,SHFE,0_0_      820850,     1121817,多,平今,5123.0,1,2022-04-06 22:46:32
210,rb2210,SHFE,0_0_      820850,     1121829,多,平今,5123.0,1,2022-04-06 22:46:32
211,rb2210,SHFE,0_0_      832705,     1127044,空,开,5124.0,1,2022-04-06 22:47:17
212,rb2210,SHFE,0_0_      832705,     1127108,空,开,5124.0,1,2022-04-06 22:47:19
213,rb2210,SHFE,0_0_      841280,     1129692,多,平今,5123.0,1,2022-04-06 22:47:41
214,rb2210,SHFE,0_0_      855868,     1142553,空,开,5120.0,3,2022-04-06 22:50:01
215,rb2210,SHFE,0_0_      856329,     1143363,多,开,5119.0,1,2022-04-06 22:50:04
216,rb2210,SHFE,0_0_      856329,     1143364,多,开,5119.0,1,2022-04-06 22:50:04
217,rb2210,SHFE,0_0_      856329,     1143399,多,开,5119.0,1,2022-04-06 22:50:04
218,rb2210,SHFE,0_0_      856329,     1143410,多,开,5119.0,1,2022-04-06 22:50:04
219,rb2210,SHFE,0_0_      856329,     1143412,多,开,5119.0,2,2022-04-06 22:50:04
220,rb2210,SHFE,0_0_      856329,     1143422,多,开,5119.0,1,2022-04-06 22:50:04
221,rb2210,SHFE,0_0_      856011,     1143521,空,开,5120.0,3,2022-04-06 22:50:05
222,rb2210,SHFE,0_0_      856406,     1143550,空,平今,5120.0,7,2022-04-06 22:50:05
223,rb2210,SHFE,0_0_      856702,     1144064,多,平今,5119.0,4,2022-04-06 22:50:10
224,rb2210,SHFE,0_0_      868202,     1155210,空,开,5117.0,1,2022-04-06 22:52:05
225,rb2210,SHFE,0_0_      869817,     1158255,多,平今,5115.0,2,2022-04-06 22:52:16
226,rb2210,SHFE,0_0_      869817,     1158270,多,平今,5115.0,1,2022-04-06 22:52:16
227,rb2210,SHFE,0_0_      884681,     1169903,多,平今,5115.0,1,2022-04-06 22:54:18
228,rb2210,SHFE,0_0_      885078,     1170199,多,开,5115.0,1,2022-04-06 22:54:19
229,rb2210,SHFE,0_0_      891407,     1177199,空,开,5112.0,1,2022-04-06 22:55:20
230,rb2210,SHFE,0_0_      891407,     1177209,空,开,5112.0,3,2022-04-06 22:55:20
231,rb2210,SHFE,0_0_      891503,     1177228,空,开,5112.0,2,2022-04-06 22:55:20
232,rb2210,SHFE,0_0_      891503,     1177229,空,开,5112.0,1,2022-04-06 22:55:20
233,rb2210,SHFE,0_0_      891503,     1177231,空,开,5112.0,1,2022-04-06 22:55:20
234,rb2210,SHFE,0_0_      892329,     1179072,多,平今,5110.0,3,2022-04-06 22:55:35
235,rb2210,SHFE,0_0_      893053,     1179274,空,平今,5111.0,1,2022-04-06 22:55:36
236,rb2210,SHFE,0_0_      893172,     1180178,多,平今,5110.0,5,2022-04-06 22:55:44
237,rb2210,SHFE,0_0_      897673,     1184632,多,开,5112.0,1,2022-04-06 22:56:18
238,rb2210,SHFE,0_0_      897673,     1184641,多,开,5112.0,1,2022-04-06 22:56:18
239,rb2210,SHFE,0_0_      897673,     1184649,多,开,5112.0,1,2022-04-06 22:56:18
240,rb2210,SHFE,0_0_      897673,     1184652,多,开,5112.0,1,2022-04-06 22:56:18
241,rb2210,SHFE,0_0_      897673,     1184759,多,开,5112.0,1,2022-04-06 22:56:19
242,rb2210,SHFE,0_0_      897673,     1184762,多,开,5112.0,1,2022-04-06 22:56:19
243,rb2210,SHFE,0_0_      897673,     1184773,多,开,5112.0,1,2022-04-06 22:56:19
244,rb2210,SHFE,0_0_      898252,     1184933,空,平今,5112.0,3,2022-04-06 22:56:20
245,rb2210,SHFE,0_0_      898252,     1184935,空,平今,5112.0,1,2022-04-06 22:56:20
246,rb2210,SHFE,0_0_      898422,     1185542,空,开,5112.0,4,2022-04-06 22:56:27
247,rb2210,SHFE,0_0_      899016,     1185562,多,平今,5111.0,4,2022-04-06 22:56:27
248,rb2210,SHFE,0_0_      901253,     1188588,空,开,5108.0,4,2022-04-06 22:56:52
249,rb2210,SHFE,0_0_      906908,     1202305,多,平今,5101.0,3,2022-04-06 22:57:54
250,rb2210,SHFE,0_0_      909018,     1202641,空,平今,5102.0,3,2022-04-06 22:57:56
251,rb2210,SHFE,0_0_      909176,     1202668,多,开,5101.0,4,2022-04-06 22:57:56
252,rb2210,SHFE,0_0_      912209,     1208201,空,开,5097.0,4,2022-04-06 22:58:22
253,rb2210,SHFE,0_0_      914861,     1211934,多,平今,5105.0,1,2022-04-06 22:58:46
254,rb2210,SHFE,0_0_      914977,     1212082,多,平今,5106.0,1,2022-04-06 22:58:47
255,rb2210,SHFE,0_0_      915722,     1213119,多,平今,5106.0,1,2022-04-06 22:58:55
256,rb2210,SHFE,0_0_      915837,     1213383,空,平今,5107.0,4,2022-04-06 22:58:56
257,rb2210,SHFE,0_0_     1305831,     1629813,空,开,5107.0,1,2022-04-07 09:01:35
258,rb2210,SHFE,0_0_     1305831,     1629864,空,开,5107.0,2,2022-04-07 09:01:36
259,rb2210,SHFE,0_0_     1305831,     1629880,空,开,5107.0,1,2022-04-07 09:01:36
260,rb2210,SHFE,0_0_     1305914,     1630053,多,平今,5106.0,3,2022-04-07 09:01:37
261,rb2210,SHFE,0_0_     1305927,     1631120,空,开,5107.0,3,2022-04-07 09:01:40
262,rb2210,SHFE,0_0_     1305927,     1631526,空,开,5107.0,1,2022-04-07 09:01:41
263,rb2210,SHFE,0_0_     1306023,     1631719,多,平今,5106.0,1,2022-04-07 09:01:41
264,rb2210,SHFE,0_0_     1306045,     1631927,多,平今,5106.0,1,2022-04-07 09:01:42
265,rb2210,SHFE,0_0_     1306127,     1633172,多,平今,5106.0,4,2022-04-07 09:01:45
266,rb2210,SHFE,0_0_     1306165,     1633374,多,平今,5106.0,1,2022-04-07 09:01:46
267,rb2210,SHFE,0_0_     1306178,     1636395,空,开,5107.0,5,2022-04-07 09:01:55
268,rb2210,SHFE,0_0_     1306438,     1637552,多,平今,5106.0,3,2022-04-07 09:01:57
269,rb2210,SHFE,0_0_     1306516,     1637820,空,开,5107.0,5,2022-04-07 09:01:58
270,rb2210,SHFE,0_0_     1306536,     1638087,多,平今,5106.0,5,2022-04-07 09:01:58
271,rb2210,SHFE,0_0_     1306563,     1638300,多,开,5106.0,7,2022-04-07 09:01:59
272,rb2210,SHFE,0_0_     1306561,     1638353,空,开,5107.0,5,2022-04-07 09:01:59
273,rb2210,SHFE,0_0_     1310828,     1674473,空,平今,5100.0,8,2022-04-07 09:03:47
274,rb2210,SHFE,0_0_     1310991,     1674773,多,平今,5099.0,4,2022-04-07 09:03:48
275,rb2210,SHFE,0_0_     1311020,     1675026,空,开,5100.0,4,2022-04-07 09:03:49
276,rb2210,SHFE,0_0_     1311034,     1675523,多,平今,5099.0,4,2022-04-07 09:03:51
277,rb2210,SHFE,0_0_     1311099,     1675587,空,开,5100.0,4,2022-04-07 09:03:51
278,rb2210,SHFE,0_0_     1311111,     1677872,多,平今,5099.0,3,2022-04-07 09:04:00
279,rb2210,SHFE,0_0_     1311111,     1677974,多,平今,5099.0,1,2022-04-07 09:04:00
280,rb2210,SHFE,0_0_     1311527,     1677987,空,开,5100.000000000001,1,2022-04-07 09:04:00
281,rb2210,SHFE,0_0_     1311527,     1677999,空,开,5100.0,1,2022-04-07 09:04:00
282,rb2210,SHFE,0_0_     1313806,     1693008,多,开,5103.0,3,2022-04-07 09:04:51
283,rb2210,SHFE,0_0_     1318693,     1713265,多,开,5103.0,3,2022-04-07 09:05:49
284,rb2210,SHFE,0_0_     1312734,     1714927,多,平今,5100.0,3,2022-04-07 09:05:55
285,rb2210,SHFE,0_0_     1319916,     1718269,空,平今,5099.0,1,2022-04-07 09:06:02
286,rb2210,SHFE,0_0_     1321495,     1726449,空,开,5097.0,2,2022-04-07 09:06:24
287,rb2210,SHFE,0_0_     1321654,     1727273,空,开,5097.0,1,2022-04-07 09:06:27
288,rb2210,SHFE,0_0_     1321654,     1727282,空,开,5097.0,1,2022-04-07 09:06:27
289,rb2210,SHFE,0_0_     1323449,     1735992,空,开,5101.0,1,2022-04-07 09:06:55
290,rb2210,SHFE,0_0_     1323471,     1736242,多,平今,5100.0,1,2022-04-07 09:06:55
291,rb2210,SHFE,0_0_     1323510,     1736391,空,开,5101.0,1,2022-04-07 09:06:56
292,rb2210,SHFE,0_0_     1323535,     1736872,多,平今,5100.0,1,2022-04-07 09:06:57
293,rb2210,SHFE,0_0_     1318984,     1743957,空,平今,5104.0,5,2022-04-07 09:07:14
294,rb2210,SHFE,0_0_     1325463,     1744053,多,平今,5103.0,5,2022-04-07 09:07:14
295,rb2210,SHFE,0_0_     1335451,     1768092,多,开,5103.0,3,2022-04-07 09:09:03
296,rb2210,SHFE,0_0_     1335700,     1768631,空,平今,5104.000000000001,3,2022-04-07 09:09:07
297,rb2210,SHFE,0_0_     1336104,     1768636,多,开,5103.0,3,2022-04-07 09:09:07
298,rb2210,SHFE,0_0_     1339973,     1774584,空,开,5099.0,3,2022-04-07 09:09:39
299,rb2210,SHFE,0_0_     1339973,     1774585,空,开,5099.0,1,2022-04-07 09:09:39
300,rb2210,SHFE,0_0_     1339973,     1774586,空,开,5099.0,3,2022-04-07 09:09:39
301,rb2210,SHFE,0_0_     1340897,     1777841,多,平今,5096.0,2,2022-04-07 09:09:50
302,rb2210,SHFE,0_0_     1341528,     1778837,多,平今,5096.0,1,2022-04-07 09:09:54
303,rb2210,SHFE,0_0_     1341528,     1778839,多,平今,5096.0,2,2022-04-07 09:09:54
304,rb2210,SHFE,0_0_     1341659,     1779113,空,开,5097.0,1,2022-04-07 09:09:56
305,rb2210,SHFE,0_0_     1341659,     1779115,空,开,5097.0,1,2022-04-07 09:09:56
306,rb2210,SHFE,0_0_     1341659,     1779122,空,开,5097.0,1,2022-04-07 09:09:56
307,rb2210,SHFE,0_0_     1336105,     1795686,空,平今,5104.0,1,2022-04-07 09:11:09
308,rb2210,SHFE,0_0_     1336105,     1795687,空,平今,5104.0,1,2022-04-07 09:11:09
309,rb2210,SHFE,0_0_     1336105,     1795688,空,平今,5104.0,1,2022-04-07 09:11:09
310,rb2210,SHFE,0_0_     1354607,     1796165,多,平今,5103.0,4,2022-04-07 09:11:12
311,rb2210,SHFE,0_0_     1357450,     1799989,多,开,5099.0,8,2022-04-07 09:11:28
312,rb2210,SHFE,0_0_     1357720,     1800528,空,平今,5100.0,1,2022-04-07 09:11:32
313,rb2210,SHFE,0_0_     1357720,     1800534,空,平今,5100.0,1,2022-04-07 09:11:32
314,rb2210,SHFE,0_0_     1357720,     1800691,空,平今,5100.0,1,2022-04-07 09:11:32
315,rb2210,SHFE,0_0_     1357720,     1800920,空,平今,5100.0,1,2022-04-07 09:11:33
316,rb2210,SHFE,0_0_     1359350,     1801781,空,平今,5097.0,1,2022-04-07 09:11:38
317,rb2210,SHFE,0_0_     1359350,     1801836,空,平今,5097.0,1,2022-04-07 09:11:38
318,rb2210,SHFE,0_0_     1359350,     1801837,空,平今,5097.0,1,2022-04-07 09:11:38
319,rb2210,SHFE,0_0_     1359350,     1801839,空,平今,5097.0,1,2022-04-07 09:11:38
320,rb2210,SHFE,0_0_     1366251,     1809864,多,开,5092.0,8,2022-04-07 09:12:15
321,rb2210,SHFE,0_0_     1366287,     1810284,空,平今,5092.000000000001,8,2022-04-07 09:12:16
322,rb2210,SHFE,0_0_     1366818,     1811253,多,平今,5091.0,1,2022-04-07 09:12:18
323,rb2210,SHFE,0_0_     1366818,     1811254,多,平今,5091.0,1,2022-04-07 09:12:18
324,rb2210,SHFE,0_0_     1366908,     1811512,多,开,5091.0,4,2022-04-07 09:12:19
325,rb2210,SHFE,0_0_     1366996,     1812011,空,平今,5091.0,4,2022-04-07 09:12:20
326,rb2210,SHFE,0_0_     1364471,     1813280,空,开,5095.0,1,2022-04-07 09:12:27
327,rb2210,SHFE,0_0_     1364471,     1813358,空,开,5095.0,1,2022-04-07 09:12:27
328,rb2210,SHFE,0_0_     1364471,     1813428,空,开,5095.0,2,2022-04-07 09:12:28
329,rb2210,SHFE,0_0_     1377145,     1824082,空,开,5095.0,2,2022-04-07 09:13:28
330,rb2210,SHFE,0_0_     1378598,     1825644,多,平今,5093.0,2,2022-04-07 09:13:40
331,rb2210,SHFE,0_0_     1367496,     1828749,多,开,5091.0,8,2022-04-07 09:13:58
332,rb2210,SHFE,0_0_     1380543,     1829759,空,平今,5091.0,1,2022-04-07 09:14:01
333,rb2210,SHFE,0_0_     1380543,     1829763,空,平今,5091.0,2,2022-04-07 09:14:01
334,rb2210,SHFE,0_0_     1380741,     1830822,空,开,5091.0,1,2022-04-07 09:14:05
335,rb2210,SHFE,0_0_     1380741,     1830918,空,开,5091.0,1,2022-04-07 09:14:06
336,rb2210,SHFE,0_0_     1380741,     1830922,空,开,5091.0,1,2022-04-07 09:14:06
337,rb2210,SHFE,0_0_     1380741,     1830929,空,开,5091.0,1,2022-04-07 09:14:06
338,rb2210,SHFE,0_0_     1381722,     1832515,多,平今,5089.0,1,2022-04-07 09:14:12
339,rb2210,SHFE,0_0_     1381722,     1832528,多,平今,5089.0,4,2022-04-07 09:14:12
340,rb2210,SHFE,0_0_     1381722,     1832531,多,平今,5089.0,3,2022-04-07 09:14:12
341,rb2210,SHFE,0_0_     1381751,     1832536,空,开,5090.0,3,2022-04-07 09:14:12
342,rb2210,SHFE,0_0_     1380241,     1833934,空,平今,5092.0,4,2022-04-07 09:14:18
343,rb2210,SHFE,0_0_     1383493,     1835050,多,平今,5092.0,1,2022-04-07 09:14:23
344,rb2210,SHFE,0_0_     1383600,     1835093,空,平今,5093.0,1,2022-04-07 09:14:23
345,rb2210,SHFE,0_0_     1383601,     1841015,多,平今,5092.0,1,2022-04-07 09:14:53
346,rb2210,SHFE,0_0_     1382766,     1841059,多,开,5091.0,7,2022-04-07 09:14:53
347,rb2210,SHFE,0_0_     1388234,     1842671,空,平今,5090.0,2,2022-04-07 09:14:59
348,rb2210,SHFE,0_0_     1388234,     1842673,空,平今,5090.0,2,2022-04-07 09:14:59
349,rb2210,SHFE,0_0_     1388478,     1842792,多,开,5089.0,1,2022-04-07 09:15:00
350,rb2210,SHFE,0_0_     1388478,     1842795,多,开,5089.0,3,2022-04-07 09:15:00
351,rb2210,SHFE,0_0_     1388645,     1845943,空,平今,5090.0,4,2022-04-07 09:15:04
352,rb2210,SHFE,0_0_     1389505,     1846427,多,开,5089.0,4,2022-04-07 09:15:04
353,rb2210,SHFE,0_0_     1389716,     1846450,空,平今,5090.0,4,2022-04-07 09:15:04
354,rb2210,SHFE,0_0_     1387557,     1847387,空,开,5093.0,1,2022-04-07 09:15:06
355,rb2210,SHFE,0_0_     1389913,     1847412,多,平今,5092.0,1,2022-04-07 09:15:06
356,rb2210,SHFE,0_0_     1390072,     1847691,空,平今,5093.0,1,2022-04-07 09:15:07
357,rb2210,SHFE,0_0_     1393759,     1851937,空,开,5093.0,3,2022-04-07 09:15:28
358,rb2210,SHFE,0_0_     1396353,     1857366,多,平今,5094.0,1,2022-04-07 09:15:55
359,rb2210,SHFE,0_0_     1398096,     1859925,空,平今,5095.0,1,2022-04-07 09:16:07
360,rb2210,SHFE,0_0_     1400197,     1859957,多,平今,5094.0,1,2022-04-07 09:16:07
361,rb2210,SHFE,0_0_     1401550,     1862076,多,平今,5094.0,1,2022-04-07 09:16:17
362,rb2210,SHFE,0_0_     1414254,     1879102,空,平今,5092.0,1,2022-04-07 09:17:55
363,rb2210,SHFE,0_0_     1414766,     1879390,空,开,5091.0,1,2022-04-07 09:17:57
364,rb2210,SHFE,0_0_     1414952,     1880509,多,平今,5090.0,1,2022-04-07 09:18:03
365,rb2210,SHFE,0_0_     1415774,     1880565,空,开,5091.0,1,2022-04-07 09:18:03
366,rb2210,SHFE,0_0_     1415830,     1880972,多,平今,5090.0,2,2022-04-07 09:18:04
367,rb2210,SHFE,0_0_     1416097,     1881635,空,开,5091.0,2,2022-04-07 09:18:09
368,rb2210,SHFE,0_0_     1416903,     1881782,多,平今,5091.0,1,2022-04-07 09:18:10
369,rb2210,SHFE,0_0_     1416903,     1881791,多,平今,5091.0,1,2022-04-07 09:18:10
370,rb2210,SHFE,0_0_     1417119,     1883041,多,开,5091.0,1,2022-04-07 09:18:20
371,rb2210,SHFE,0_0_     1427189,     1894452,多,开,5088.0,3,2022-04-07 09:19:25
372,rb2210,SHFE,0_0_     1427189,     1894454,多,开,5088.0,1,2022-04-07 09:19:25
373,rb2210,SHFE,0_0_     1427189,     1894585,多,开,5088.0,1,2022-04-07 09:19:25
374,rb2210,SHFE,0_0_     1427189,     1894586,多,开,5088.0,1,2022-04-07 09:19:25
375,rb2210,SHFE,0_0_     1427189,     1894589,多,开,5088.0,1,2022-04-07 09:19:25
376,rb2210,SHFE,0_0_     1428024,     1895480,空,平今,5088.0,4,2022-04-07 09:19:29
377,rb2210,SHFE,0_0_     1428116,     1895822,空,平今,5088.0,3,2022-04-07 09:19:30
378,rb2210,SHFE,0_0_     1428116,     1895824,空,平今,5088.0,1,2022-04-07 09:19:30
379,rb2210,SHFE,0_0_     1428694,     1897057,多,开,5087.0,3,2022-04-07 09:19:36
380,rb2210,SHFE,0_0_     1428694,     1897061,多,开,5087.0,5,2022-04-07 09:19:36
381,rb2210,SHFE,0_0_     1429014,     1897528,空,平今,5088.0,1,2022-04-07 09:19:38
382,rb2210,SHFE,0_0_     1429014,     1897550,空,平今,5088.0,1,2022-04-07 09:19:38
383,rb2210,SHFE,0_0_     1429014,     1897552,空,平今,5088.0,1,2022-04-07 09:19:38
384,rb2210,SHFE,0_0_     1429014,     1897580,空,平今,5088.0,1,2022-04-07 09:19:39
385,rb2210,SHFE,0_0_     1430651,     1901900,空,开,5086.0,1,2022-04-07 09:19:53
386,rb2210,SHFE,0_0_     1429748,     1903092,空,平今,5087.0,1,2022-04-07 09:19:59
387,rb2210,SHFE,0_0_     1429748,     1903104,空,平今,5087.0,1,2022-04-07 09:19:59
388,rb2210,SHFE,0_0_     1429748,     1903124,空,平今,5087.0,1,2022-04-07 09:19:59
389,rb2210,SHFE,0_0_     1429748,     1903127,空,平今,5087.0,1,2022-04-07 09:19:59
390,rb2210,SHFE,0_0_     1426655,     1906934,空,开,5090.0,3,2022-04-07 09:20:19
391,rb2210,SHFE,0_0_     1438338,     1910024,多,平今,5088.0,4,2022-04-07 09:20:37
392,rb2210,SHFE,0_0_     1424751,     1917563,空,开,5091.0,2,2022-04-07 09:21:18
393,rb2210,SHFE,0_0_     1424751,     1917568,空,开,5091.0,1,2022-04-07 09:21:18
394,rb2210,SHFE,0_0_     1424751,     1917622,空,开,5091.0,1,2022-04-07 09:21:18
395,rb2210,SHFE,0_0_     1444649,     1918962,多,平今,5090.0,4,2022-04-07 09:21:25
396,rb2210,SHFE,0_0_     1445906,     1919879,空,开,5091.0,5,2022-04-07 09:21:31
397,rb2210,SHFE,0_0_     1446411,     1919908,多,平今,5090.0,2,2022-04-07 09:21:31
398,rb2210,SHFE,0_0_     1446411,     1919909,多,平今,5090.0,1,2022-04-07 09:21:31
399,rb2210,SHFE,0_0_     1446411,     1919910,多,平今,5090.0,1,2022-04-07 09:21:31
400,rb2210,SHFE,0_0_     1446411,     1919911,多,平今,5090.0,1,2022-04-07 09:21:31
401,rb2210,SHFE,0_0_     1447682,     1922208,多,开,5090.0,4,2022-04-07 09:21:49
402,rb2210,SHFE,0_0_     1448325,     1922220,空,平今,5091.0,1,2022-04-07 09:21:49
403,rb2210,SHFE,0_0_     1448325,     1922237,空,平今,5091.0,1,2022-04-07 09:21:49
404,rb2210,SHFE,0_0_     1448325,     1922240,空,平今,5091.0,2,2022-04-07 09:21:49
405,rb2210,SHFE,0_0_     1456599,     1940568,多,开,5089.0,1,2022-04-07 09:23:56
406,rb2210,SHFE,0_0_     1464686,     1942235,空,平今,5090.0,1,2022-04-07 09:24:03
407,rb2210,SHFE,0_0_     1465985,     1943020,多,开,5089.0,1,2022-04-07 09:24:05
408,rb2210,SHFE,0_0_     1469538,     1945868,多,开,5091.0,1,2022-04-07 09:24:24
409,rb2210,SHFE,0_0_     1469538,     1945930,多,开,5091.0,1,2022-04-07 09:24:24
410,rb2210,SHFE,0_0_     1474861,     1951103,空,开,5087.0,7,2022-04-07 09:24:52
411,rb2210,SHFE,0_0_     1475978,     1952447,空,平今,5087.0,1,2022-04-07 09:25:01
412,rb2210,SHFE,0_0_     1480927,     1958714,空,平今,5087.0,1,2022-04-07 09:25:33
413,rb2210,SHFE,0_0_     1483110,     1962078,多,平今,5086.0,1,2022-04-07 09:25:46
414,rb2210,SHFE,0_0_     1483227,     1962270,多,平今,5086.0,3,2022-04-07 09:25:47
415,rb2210,SHFE,0_0_     1484122,     1963362,空,开,5086.0,1,2022-04-07 09:25:54
416,rb2210,SHFE,0_0_     1484122,     1963410,空,开,5086.0,1,2022-04-07 09:25:54
417,rb2210,SHFE,0_0_     1484678,     1964721,多,平今,5085.0,1,2022-04-07 09:26:00
418,rb2210,SHFE,0_0_     1485869,     1964886,空,平今,5086.0,1,2022-04-07 09:26:00
419,rb2210,SHFE,0_0_     1485881,     1968736,多,平今,5085.0,2,2022-04-07 09:26:22
420,rb2210,SHFE,0_0_     1491322,     1975120,空,开,5082.0,2,2022-04-07 09:26:41
421,rb2210,SHFE,0_0_     1491883,     1975572,多,开,5081.0,7,2022-04-07 09:26:42
422,rb2210,SHFE,0_0_     1491883,     1976417,多,开,5081.0,1,2022-04-07 09:26:46
423,rb2210,SHFE,0_0_     1494380,     1980228,空,平今,5078.0,5,2022-04-07 09:27:01
424,rb2210,SHFE,0_0_     1495502,     1984279,多,开,5077.0,4,2022-04-07 09:27:06
425,rb2210,SHFE,0_0_     1494983,     1985246,多,平今,5074.0,4,2022-04-07 09:27:10
426,rb2210,SHFE,0_0_     1496988,     1989172,空,平今,5071.0,2,2022-04-07 09:27:21
427,rb2210,SHFE,0_0_     1496988,     1989175,空,平今,5071.0,1,2022-04-07 09:27:21
428,rb2210,SHFE,0_0_     1496445,     1995223,空,开,5074.0,4,2022-04-07 09:27:43
429,rb2210,SHFE,0_0_     1501312,     1995369,空,开,5074.0,4,2022-04-07 09:27:43
430,rb2210,SHFE,0_0_     1501450,     1995557,多,平今,5074.0,3,2022-04-07 09:27:44
431,rb2210,SHFE,0_0_     1501450,     1995558,多,平今,5074.0,1,2022-04-07 09:27:44
432,rb2210,SHFE,0_0_     1501450,     1995559,多,平今,5074.0,1,2022-04-07 09:27:44
433,rb2210,SHFE,0_0_     1495988,     1995584,空,平今,5075.0,4,2022-04-07 09:27:44
434,rb2210,SHFE,0_0_     1501476,     1995639,多,开,5074.0,4,2022-04-07 09:27:45
435,rb2210,SHFE,0_0_     1501511,     1995651,多,平今,5074.0,1,2022-04-07 09:27:45
436,rb2210,SHFE,0_0_     1501845,     1996324,空,平今,5073.0,2,2022-04-07 09:27:48
437,rb2210,SHFE,0_0_     1502472,     1996838,空,平今,5072.0,2,2022-04-07 09:27:51
438,rb2210,SHFE,0_0_     1502322,     1996912,多,开,5071.0,3,2022-04-07 09:27:51
439,rb2210,SHFE,0_0_     1502701,     1997550,空,平今,5070.0,3,2022-04-07 09:27:53
440,rb2210,SHFE,0_0_     1503001,     1998349,多,开,5069.0,3,2022-04-07 09:27:57
441,rb2210,SHFE,0_0_     1503005,     1998370,空,开,5070.000000000001,1,2022-04-07 09:27:57
442,rb2210,SHFE,0_0_     1503380,     2000714,多,平今,5070.000000000001,3,2022-04-07 09:28:08
443,rb2210,SHFE,0_0_     1504746,     2001260,空,开,5070.0,1,2022-04-07 09:28:10
444,rb2210,SHFE,0_0_     1505748,     2004930,多,开,5069.0,2,2022-04-07 09:28:28
445,rb2210,SHFE,0_0_     1508058,     2005023,空,平今,5070.0,3,2022-04-07 09:28:29
446,rb2210,SHFE,0_0_     1508394,     2005662,多,开,5070.0,6,2022-04-07 09:28:32
447,rb2210,SHFE,0_0_     1508851,     2006704,空,平今,5071.0,4,2022-04-07 09:28:36
448,rb2210,SHFE,0_0_     1509186,     2007340,空,平今,5071.0,4,2022-04-07 09:28:39
449,rb2210,SHFE,0_0_     1510985,     2009256,多,开,5070.0,7,2022-04-07 09:28:49
450,rb2210,SHFE,0_0_     1511056,     2009676,空,平今,5071.0,1,2022-04-07 09:28:49
451,rb2210,SHFE,0_0_     1511056,     2009678,空,平今,5071.0,1,2022-04-07 09:28:49
452,rb2210,SHFE,0_0_     1511056,     2009734,空,平今,5071.0,2,2022-04-07 09:28:50
453,rb2210,SHFE,0_0_     1511270,     2009963,多,开,5070.0,5,2022-04-07 09:28:51
454,rb2210,SHFE,0_0_     1511501,     2010451,空,平今,5070.0,1,2022-04-07 09:28:53
455,rb2210,SHFE,0_0_     1511501,     2010452,空,平今,5070.0,1,2022-04-07 09:28:53
456,rb2210,SHFE,0_0_     1511501,     2010482,空,平今,5070.0,2,2022-04-07 09:28:53
457,rb2210,SHFE,0_0_     1511557,     2010489,空,平今,5070.0,4,2022-04-07 09:28:53
458,rb2210,SHFE,0_0_     1512322,     2012228,多,开,5070.0,4,2022-04-07 09:29:00
459,rb2210,SHFE,0_0_     1512672,     2012249,空,平今,5071.0,4,2022-04-07 09:29:00
460,rb2210,SHFE,0_0_     1512673,     2013024,多,开,5070.0,4,2022-04-07 09:29:02
461,rb2210,SHFE,0_0_     1514170,     2015346,空,平今,5069.0,1,2022-04-07 09:29:11
462,rb2210,SHFE,0_0_     1514573,     2016475,空,开,5068.0,2,2022-04-07 09:29:14
463,rb2210,SHFE,0_0_     1515497,     2017966,多,开,5067.0,3,2022-04-07 09:29:19
464,rb2210,SHFE,0_0_     1515497,     2017998,多,开,5067.0,1,2022-04-07 09:29:20
465,rb2210,SHFE,0_0_     1515580,     2018110,空,平今,5067.0,3,2022-04-07 09:29:20
466,rb2210,SHFE,0_0_     1515881,     2019377,多,开,5067.0,4,2022-04-07 09:29:25
467,rb2210,SHFE,0_0_     1516693,     2021375,空,平今,5068.0,1,2022-04-07 09:29:34
468,rb2210,SHFE,0_0_     1516693,     2021391,空,平今,5068.0,4,2022-04-07 09:29:34
469,rb2210,SHFE,0_0_     1517775,     2021890,多,开,5066.0,4,2022-04-07 09:29:36
470,rb2210,SHFE,0_0_     1517982,     2022304,空,平今,5067.0,4,2022-04-07 09:29:38
471,rb2210,SHFE,0_0_     1518575,     2022955,多,平今,5067.0,2,2022-04-07 09:29:41
472,rb2210,SHFE,0_0_     1518278,     2022979,多,开,5066.0,1,2022-04-07 09:29:41
473,rb2210,SHFE,0_0_     1518278,     2023082,多,开,5066.0,1,2022-04-07 09:29:42
474,rb2210,SHFE,0_0_     1518278,     2023084,多,开,5066.0,1,2022-04-07 09:29:42
475,rb2210,SHFE,0_0_     1518278,     2023145,多,开,5066.0,1,2022-04-07 09:29:42
476,rb2210,SHFE,0_0_     1519330,     2023374,空,平今,5067.0,2,2022-04-07 09:29:44
477,rb2210,SHFE,0_0_     1519330,     2023375,空,平今,5067.0,2,2022-04-07 09:29:44
478,rb2210,SHFE,0_0_     1520203,     2024798,空,开,5067.0,2,2022-04-07 09:29:49
479,rb2210,SHFE,0_0_     1520951,     2026670,多,平今,5066.0,3,2022-04-07 09:29:55
480,rb2210,SHFE,0_0_     1521415,     2026942,空,开,5067.0,2,2022-04-07 09:29:56
481,rb2210,SHFE,0_0_     1521415,     2026979,空,开,5067.0,1,2022-04-07 09:29:56
482,rb2210,SHFE,0_0_     1514381,     2030166,空,平今,5069.0,3,2022-04-07 09:30:01
483,rb2210,SHFE,0_0_     1530435,     2043590,多,平今,5070.0,1,2022-04-07 09:30:46
484,rb2210,SHFE,0_0_     1501557,     2054671,空,开,5075.0,5,2022-04-07 09:31:42
485,rb2210,SHFE,0_0_     1542660,     2056859,多,开,5075.0,4,2022-04-07 09:31:54
486,rb2210,SHFE,0_0_     1541154,     2057135,多,平今,5074.0,4,2022-04-07 09:31:55
487,rb2210,SHFE,0_0_     1543506,     2057361,空,平今,5074.0,3,2022-04-07 09:31:55
488,rb2210,SHFE,0_0_     1543506,     2057362,空,平今,5074.0,1,2022-04-07 09:31:55
489,rb2210,SHFE,0_0_     1544296,     2059617,空,开,5074.0,1,2022-04-07 09:32:07
490,rb2210,SHFE,0_0_     1552823,     2067562,空,开,5080.0,1,2022-04-07 09:32:54
491,rb2210,SHFE,0_0_     1552823,     2067668,空,开,5080.0,1,2022-04-07 09:32:55
492,rb2210,SHFE,0_0_     1553206,     2067710,多,平今,5079.0,1,2022-04-07 09:32:55
493,rb2210,SHFE,0_0_     1553224,     2067772,多,平今,5079.0,1,2022-04-07 09:32:56
494,rb2210,SHFE,0_0_     1553224,     2067822,多,平今,5079.0,3,2022-04-07 09:32:56
495,rb2210,SHFE,0_0_     1559466,     2074455,多,开,5079.0,1,2022-04-07 09:33:45
496,rb2210,SHFE,0_0_     1559466,     2074456,多,开,5079.0,1,2022-04-07 09:33:45
497,rb2210,SHFE,0_0_     1559466,     2074457,多,开,5079.0,1,2022-04-07 09:33:45
498,rb2210,SHFE,0_0_     1559466,     2074458,多,开,5079.0,1,2022-04-07 09:33:45
499,rb2210,SHFE,0_0_     1559466,     2074459,多,开,5079.0,1,2022-04-07 09:33:45
500,rb2210,SHFE,0_0_     1559466,     2074460,多,开,5079.0,1,2022-04-07 09:33:45
501,rb2210,SHFE,0_0_     1560450,     2075467,空,开,5080.0,2,2022-04-07 09:33:52
502,rb2210,SHFE,0_0_     1560450,     2075471,空,开,5080.0,5,2022-04-07 09:33:52
503,rb2210,SHFE,0_0_     1560651,     2075740,多,平今,5080.0,1,2022-04-07 09:33:54
504,rb2210,SHFE,0_0_     1564246,     2080370,多,平今,5086.0,3,2022-04-07 09:34:22
505,rb2210,SHFE,0_0_     1562460,     2089133,多,平今,5081.0,4,2022-04-07 09:35:08
506,rb2210,SHFE,0_0_     1574153,     2092090,空,平今,5080.0,4,2022-04-07 09:35:20
507,rb2210,SHFE,0_0_     1574544,     2092244,多,开,5079.0,4,2022-04-07 09:35:21
508,rb2210,SHFE,0_0_     1583921,     2099007,空,平今,5081.0,1,2022-04-07 09:36:15
509,rb2210,SHFE,0_0_     1583921,     2099073,空,平今,5081.0,1,2022-04-07 09:36:16
510,rb2210,SHFE,0_0_     1583921,     2099117,空,平今,5081.0,1,2022-04-07 09:36:16
511,rb2210,SHFE,0_0_     1583921,     2099121,空,平今,5081.0,1,2022-04-07 09:36:16
512,rb2210,SHFE,0_0_     1594308,     2112516,多,开,5086.0,6,2022-04-07 09:37:43
513,rb2210,SHFE,0_0_     1598037,     2113187,空,开,5088.0,5,2022-04-07 09:37:46
514,rb2210,SHFE,0_0_     1600825,     2115842,空,平今,5091.0,1,2022-04-07 09:37:59
515,rb2210,SHFE,0_0_     1601316,     2117018,空,平今,5091.0,4,2022-04-07 09:38:03
516,rb2210,SHFE,0_0_     1605789,     2122664,多,开,5092.0,5,2022-04-07 09:38:29
517,rb2210,SHFE,0_0_     1614693,     2133438,空,平今,5093.0,1,2022-04-07 09:39:17
518,rb2210,SHFE,0_0_     1614693,     2133440,空,平今,5093.0,1,2022-04-07 09:39:17
519,rb2210,SHFE,0_0_     1618941,     2136926,多,平今,5094.0,1,2022-04-07 09:39:40
520,rb2210,SHFE,0_0_     1621459,     2138808,多,平今,5096.0,1,2022-04-07 09:39:54
521,rb2210,SHFE,0_0_     1621459,     2138809,多,平今,5096.0,1,2022-04-07 09:39:54
522,rb2210,SHFE,0_0_     1634083,     2151999,空,平今,5091.0,2,2022-04-07 09:41:20
523,rb2210,SHFE,0_0_     1634083,     2152029,空,平今,5091.0,2,2022-04-07 09:41:20
524,rb2210,SHFE,0_0_     1634855,     2152582,多,平今,5090.000000000001,2,2022-04-07 09:41:24
525,rb2210,SHFE,0_0_     1635555,     2153421,空,开,5091.0,2,2022-04-07 09:41:28
526,rb2210,SHFE,0_0_     1643024,     2159770,多,平今,5093.0,1,2022-04-07 09:42:04
527,rb2210,SHFE,0_0_     1643144,     2160212,多,开,5093.0,2,2022-04-07 09:42:06
528,rb2210,SHFE,0_0_     1644437,     2161494,空,开,5094.0,3,2022-04-07 09:42:11
529,rb2210,SHFE,0_0_     1650257,     2166726,多,平今,5093.0,4,2022-04-07 09:42:47
530,rb2210,SHFE,0_0_     1659489,     2177662,空,平今,5099.0,4,2022-04-07 09:43:56
531,rb2210,SHFE,0_0_     1659998,     2177666,多,开,5098.0,4,2022-04-07 09:43:56
532,rb2210,SHFE,0_0_     1660649,     2178238,空,平今,5098.0,1,2022-04-07 09:44:00
533,rb2210,SHFE,0_0_     1663070,     2181751,空,开,5097.0,4,2022-04-07 09:44:29
534,rb2210,SHFE,0_0_     1668180,     2185790,多,平今,5097.0,4,2022-04-07 09:44:59
535,rb2210,SHFE,0_0_     1670182,     2186558,空,开,5098.0,4,2022-04-07 09:45:03
536,rb2210,SHFE,0_0_     1670182,     2186632,空,开,5098.0,2,2022-04-07 09:45:04
537,rb2210,SHFE,0_0_     1671094,     2186651,多,平今,5097.0,1,2022-04-07 09:45:04
538,rb2210,SHFE,0_0_     1671094,     2186673,多,平今,5097.0,1,2022-04-07 09:45:04
539,rb2210,SHFE,0_0_     1671252,     2187314,空,开,5097.0,3,2022-04-07 09:45:07
540,rb2210,SHFE,0_0_     1671445,     2187322,多,平今,5096.0,1,2022-04-07 09:45:07
541,rb2210,SHFE,0_0_     1671445,     2187327,多,平今,5096.0,1,2022-04-07 09:45:07
542,rb2210,SHFE,0_0_     1671445,     2187330,多,平今,5096.0,1,2022-04-07 09:45:07
543,rb2210,SHFE,0_0_     1673415,     2188786,空,平今,5095.0,1,2022-04-07 09:45:19
544,rb2210,SHFE,0_0_     1681302,     2195297,多,平今,5097.0,1,2022-04-07 09:46:08
545,rb2210,SHFE,0_0_     1681302,     2195298,多,平今,5097.0,1,2022-04-07 09:46:08
546,rb2210,SHFE,0_0_     1681302,     2195299,多,平今,5097.0,1,2022-04-07 09:46:08
547,rb2210,SHFE,0_0_     1671104,     2195934,空,平今,5098.000000000001,1,2022-04-07 09:46:11
548,rb2210,SHFE,0_0_     1682198,     2196961,多,开,5099.0,1,2022-04-07 09:46:17
549,rb2210,SHFE,0_0_     1682198,     2196963,多,开,5099.0,1,2022-04-07 09:46:17
550,rb2210,SHFE,0_0_     1682477,     2197217,多,平今,5100.0,1,2022-04-07 09:46:17
551,rb2210,SHFE,0_0_     1682850,     2198460,空,平今,5103.0,1,2022-04-07 09:46:21
552,rb2210,SHFE,0_0_     1685412,     2202053,多,开,5105.0,4,2022-04-07 09:46:41
553,rb2210,SHFE,0_0_     1688158,     2206548,空,平今,5111.0,4,2022-04-07 09:46:56
554,rb2210,SHFE,0_0_     1688387,     2206770,多,开,5110.0,1,2022-04-07 09:46:57
555,rb2210,SHFE,0_0_     1688387,     2206771,多,开,5110.0,3,2022-04-07 09:46:57
556,rb2210,SHFE,0_0_     1688471,     2206828,空,平今,5111.0,4,2022-04-07 09:46:57
557,rb2210,SHFE,0_0_     1688527,     2206859,多,开,5110.0,1,2022-04-07 09:46:57
558,rb2210,SHFE,0_0_     1688527,     2206874,多,开,5110.0,1,2022-04-07 09:46:57
559,rb2210,SHFE,0_0_     1688527,     2206888,多,开,5110.0,1,2022-04-07 09:46:57
560,rb2210,SHFE,0_0_     1688527,     2206890,多,开,5110.0,1,2022-04-07 09:46:58
561,rb2210,SHFE,0_0_     1688536,     2206894,空,平今,5111.0,1,2022-04-07 09:46:58
562,rb2210,SHFE,0_0_     1692727,     2212632,空,平今,5113.0,4,2022-04-07 09:47:20
563,rb2210,SHFE,0_0_     1693059,     2216257,多,开,5112.0,1,2022-04-07 09:47:36
564,rb2210,SHFE,0_0_     1693059,     2216262,多,开,5112.0,1,2022-04-07 09:47:36
565,rb2210,SHFE,0_0_     1693059,     2216302,多,开,5112.0,5,2022-04-07 09:47:36
566,rb2210,SHFE,0_0_     1695510,     2216516,空,平今,5113.0,1,2022-04-07 09:47:37
567,rb2210,SHFE,0_0_     1695510,     2216525,空,平今,5113.0,1,2022-04-07 09:47:37
568,rb2210,SHFE,0_0_     1696296,     2217577,空,平今,5112.0,6,2022-04-07 09:47:45
569,rb2210,SHFE,0_0_     1712817,     2234588,多,开,5104.0,1,2022-04-07 09:49:54
570,rb2210,SHFE,0_0_     1714909,     2235135,空,开,5106.000000000001,2,2022-04-07 09:50:00
571,rb2210,SHFE,0_0_     1714909,     2235136,空,开,5106.000000000001,1,2022-04-07 09:50:00
572,rb2210,SHFE,0_0_     1714947,     2235223,多,平今,5105.0,3,2022-04-07 09:50:00
573,rb2210,SHFE,0_0_     1715029,     2240991,空,开,5106.0,3,2022-04-07 09:50:51
574,rb2210,SHFE,0_0_     1721948,     2241085,多,平今,5105.0,2,2022-04-07 09:50:52
575,rb2210,SHFE,0_0_     1721948,     2241148,多,平今,5105.0,1,2022-04-07 09:50:52
576,rb2210,SHFE,0_0_     1723817,     2243087,空,开,5105.0,4,2022-04-07 09:51:06
577,rb2210,SHFE,0_0_     1754455,     2268166,空,开,5104.0,4,2022-04-07 09:55:34
578,rb2210,SHFE,0_0_     1757899,     2268891,多,平今,5103.0,4,2022-04-07 09:55:46
579,rb2210,SHFE,0_0_     1758912,     2269034,空,开,5104.0,4,2022-04-07 09:55:48
580,rb2210,SHFE,0_0_     1759101,     2269323,多,平今,5103.0,4,2022-04-07 09:55:53
581,rb2210,SHFE,0_0_     1759692,     2286129,空,开,5104.0,4,2022-04-07 09:58:53
582,rb2210,SHFE,0_0_     1782497,     2286557,多,平今,5103.0,4,2022-04-07 09:58:59
583,rb2210,SHFE,0_0_     1781959,     2286969,多,平今,5102.0,3,2022-04-07 09:59:02
584,rb2210,SHFE,0_0_     1783285,     2287071,空,开,5103.0,6,2022-04-07 09:59:02
585,rb2210,SHFE,0_0_     1783433,     2287148,多,平今,5102.0,1,2022-04-07 09:59:03
586,rb2210,SHFE,0_0_     1783433,     2287216,多,平今,5102.0,5,2022-04-07 09:59:04
587,rb2210,SHFE,0_0_     1783682,     2287701,空,开,5103.0,5,2022-04-07 09:59:08
588,rb2210,SHFE,0_0_     1784207,     2287888,多,平今,5102.0,1,2022-04-07 09:59:11
589,rb2210,SHFE,0_0_     1784207,     2287909,多,平今,5102.0,1,2022-04-07 09:59:12
590,rb2210,SHFE,0_0_     1784207,     2287930,多,平今,5102.0,1,2022-04-07 09:59:12
591,rb2210,SHFE,0_0_     1784207,     2287933,多,平今,5102.0,2,2022-04-07 09:59:12
592,rb2210,SHFE,0_0_     1795299,     2296442,空,开,5098.0,1,2022-04-07 10:00:24
593,rb2210,SHFE,0_0_     1795299,     2296455,空,开,5098.0,1,2022-04-07 10:00:24
594,rb2210,SHFE,0_0_     1795299,     2296459,空,开,5098.0,1,2022-04-07 10:00:24
595,rb2210,SHFE,0_0_     1816324,     2311997,多,平今,5094.0,2,2022-04-07 10:02:57
596,rb2210,SHFE,0_0_     1817977,     2312682,空,开,5093.0,3,2022-04-07 10:03:00
597,rb2210,SHFE,0_0_     1820073,     2315644,多,平今,5095.0,3,2022-04-07 10:03:23
598,rb2210,SHFE,0_0_     1819829,     2322881,多,平今,5093.0,2,2022-04-07 10:05:01
599,rb2210,SHFE,0_0_     1831317,     2322947,空,开,5094.0,3,2022-04-07 10:05:01
600,rb2210,SHFE,0_0_     1831342,     2323891,多,平今,5093.0,3,2022-04-07 10:05:11
601,rb2210,SHFE,0_0_     1832630,     2324003,空,开,5094.0,1,2022-04-07 10:05:12
602,rb2210,SHFE,0_0_     1832630,     2324010,空,开,5094.0,1,2022-04-07 10:05:12
603,rb2210,SHFE,0_0_     1832630,     2324013,空,开,5094.0,1,2022-04-07 10:05:12
604,rb2210,SHFE,0_0_     1832716,     2324395,空,开,5094.0,1,2022-04-07 10:05:15
605,rb2210,SHFE,0_0_     1832716,     2324516,空,开,5094.0,1,2022-04-07 10:05:16
606,rb2210,SHFE,0_0_     1833325,     2326216,空,平今,5094.0,1,2022-04-07 10:05:32
607,rb2210,SHFE,0_0_     1835869,     2326789,多,平今,5093.0,2,2022-04-07 10:05:44
608,rb2210,SHFE,0_0_     1835869,     2326870,多,平今,5093.0,1,2022-04-07 10:05:45
609,rb2210,SHFE,0_0_     1835869,     2326981,多,平今,5093.0,1,2022-04-07 10:05:46
610,rb2210,SHFE,0_0_     1836600,     2328441,空,开,5094.0,1,2022-04-07 10:05:58
611,rb2210,SHFE,0_0_     1850206,     2335774,空,开,5094.0,1,2022-04-07 10:07:18
612,rb2210,SHFE,0_0_     1838917,     2339506,多,平今,5093.0,2,2022-04-07 10:08:00
613,rb2210,SHFE,0_0_     1863075,     2347150,多,开,5088.0,4,2022-04-07 10:08:52
614,rb2210,SHFE,0_0_     1861451,     2347402,多,平今,5086.0,1,2022-04-07 10:08:55
615,rb2210,SHFE,0_0_     1863952,     2347422,空,平今,5087.0,1,2022-04-07 10:08:56
616,rb2210,SHFE,0_0_     1864041,     2347520,空,平今,5088.0,1,2022-04-07 10:08:56
617,rb2210,SHFE,0_0_     1864041,     2347523,空,平今,5088.0,1,2022-04-07 10:08:56
618,rb2210,SHFE,0_0_     1865204,     2349002,空,开,5082.0,3,2022-04-07 10:09:07
619,rb2210,SHFE,0_0_     1865482,     2349480,多,开,5082.000000000001,5,2022-04-07 10:09:10
620,rb2210,SHFE,0_0_     1866667,     2351015,空,平今,5082.0,1,2022-04-07 10:09:18
621,rb2210,SHFE,0_0_     1866667,     2351019,空,平今,5082.0,1,2022-04-07 10:09:18
622,rb2210,SHFE,0_0_     1867091,     2351231,多,平今,5081.0,1,2022-04-07 10:09:21
623,rb2210,SHFE,0_0_     1867091,     2351240,多,平今,5081.0,1,2022-04-07 10:09:21
624,rb2210,SHFE,0_0_     1867091,     2351248,多,平今,5081.0,1,2022-04-07 10:09:21
625,rb2210,SHFE,0_0_     1873339,     2357807,空,平今,5080.0,2,2022-04-07 10:10:02
626,rb2210,SHFE,0_0_     1874440,     2364082,多,开,5083.0,1,2022-04-07 10:10:55
627,rb2210,SHFE,0_0_     1874440,     2364121,多,开,5083.0,2,2022-04-07 10:10:55
628,rb2210,SHFE,0_0_     1874440,     2364122,多,开,5083.0,1,2022-04-07 10:10:55
629,rb2210,SHFE,0_0_     1880618,     2364283,空,平今,5084.0,3,2022-04-07 10:10:57
630,rb2210,SHFE,0_0_     1880716,     2364566,多,开,5083.0,3,2022-04-07 10:10:59
631,rb2210,SHFE,0_0_     1880804,     2364644,空,平今,5084.0,3,2022-04-07 10:10:59
632,rb2210,SHFE,0_0_     1880859,     2364858,多,开,5083.0,3,2022-04-07 10:11:00
633,rb2210,SHFE,0_0_     1891940,     2375360,空,平今,5082.0,2,2022-04-07 10:12:51
634,rb2210,SHFE,0_0_     1891940,     2375362,空,平今,5082.0,1,2022-04-07 10:12:51
635,rb2210,SHFE,0_0_     1891940,     2375387,空,平今,5082.0,1,2022-04-07 10:12:51
636,rb2210,SHFE,0_0_     1894030,     2376911,多,开,5083.0,2,2022-04-07 10:13:11
637,rb2210,SHFE,0_0_     1894030,     2376924,多,开,5083.0,1,2022-04-07 10:13:12
638,rb2210,SHFE,0_0_     1894030,     2376964,多,开,5083.0,1,2022-04-07 10:13:12
639,rb2210,SHFE,0_0_     1896380,     2379483,多,开,5085.0,2,2022-04-07 10:13:40
640,rb2210,SHFE,0_0_     1902821,     2393317,空,开,5081.0,8,2022-04-07 10:30:30
641,rb2210,SHFE,0_0_     1904106,     2397715,空,平今,5078.0,3,2022-04-07 10:31:02
642,rb2210,SHFE,0_0_     1904106,     2397716,空,平今,5078.0,1,2022-04-07 10:31:02
643,rb2210,SHFE,0_0_     1904249,     2398759,空,平今,5076.0,1,2022-04-07 10:31:05
644,rb2210,SHFE,0_0_     1904249,     2398769,空,平今,5076.0,3,2022-04-07 10:31:05
645,rb2210,SHFE,0_0_     1904394,     2399326,多,开,5077.0,4,2022-04-07 10:31:08
646,rb2210,SHFE,0_0_     1904394,     2399330,多,开,5077.0,1,2022-04-07 10:31:08
647,rb2210,SHFE,0_0_     1904394,     2399334,多,开,5077.0,3,2022-04-07 10:31:08
648,rb2210,SHFE,0_0_     1904363,     2399615,多,平今,5076.0,2,2022-04-07 10:31:09
649,rb2210,SHFE,0_0_     1904724,     2399672,空,平今,5077.0,2,2022-04-07 10:31:10
650,rb2210,SHFE,0_0_     1905732,     2401013,多,平今,5077.0,4,2022-04-07 10:31:20
651,rb2210,SHFE,0_0_     1913654,     2412731,空,平今,5084.0,1,2022-04-07 10:33:04
652,rb2210,SHFE,0_0_     1916182,     2415453,空,平今,5083.0,2,2022-04-07 10:33:37
653,rb2210,SHFE,0_0_     1931191,     2429885,多,平今,5089.0,1,2022-04-07 10:36:00
654,rb2210,SHFE,0_0_     1935107,     2430712,空,开,5089.0,4,2022-04-07 10:36:07
655,rb2210,SHFE,0_0_     1935624,     2430759,多,平今,5088.0,1,2022-04-07 10:36:07
656,rb2210,SHFE,0_0_     1935624,     2430760,多,平今,5088.0,1,2022-04-07 10:36:07
657,rb2210,SHFE,0_0_     1935624,     2430761,多,平今,5088.0,1,2022-04-07 10:36:07
658,rb2210,SHFE,0_0_     1935624,     2430762,多,平今,5088.0,1,2022-04-07 10:36:07
659,rb2210,SHFE,0_0_     1942180,     2436475,空,开,5087.0,7,2022-04-07 10:36:57
660,rb2210,SHFE,0_0_     1942252,     2436710,多,平今,5086.0,4,2022-04-07 10:37:00
661,rb2210,SHFE,0_0_     1942696,     2436877,多,平今,5086.0,1,2022-04-07 10:37:01
662,rb2210,SHFE,0_0_     1942696,     2436884,多,平今,5086.0,1,2022-04-07 10:37:01
663,rb2210,SHFE,0_0_     1942696,     2436887,多,平今,5086.0,1,2022-04-07 10:37:01
664,rb2210,SHFE,0_0_     1942696,     2436975,多,平今,5086.0,1,2022-04-07 10:37:02
665,rb2210,SHFE,0_0_     1942964,     2437531,多,开,5086.0,3,2022-04-07 10:37:05
666,rb2210,SHFE,0_0_     1943304,     2437608,空,平今,5087.0,3,2022-04-07 10:37:06
667,rb2210,SHFE,0_0_     1946274,     2440845,空,开,5090.0,8,2022-04-07 10:37:35
668,rb2210,SHFE,0_0_     1946672,     2441189,多,平今,5090.0,1,2022-04-07 10:37:38
669,rb2210,SHFE,0_0_     1943378,     2444487,多,开,5086.0,1,2022-04-07 10:38:03
670,rb2210,SHFE,0_0_     1943378,     2444493,多,开,5086.0,2,2022-04-07 10:38:03
671,rb2210,SHFE,0_0_     1949652,     2444501,空,平今,5087.0,1,2022-04-07 10:38:03
672,rb2210,SHFE,0_0_     1949652,     2444508,空,平今,5087.0,2,2022-04-07 10:38:03
673,rb2210,SHFE,0_0_     1993647,     2478405,多,平今,5077.0,1,2022-04-07 10:43:36
674,rb2210,SHFE,0_0_     1995507,     2478757,空,平今,5078.0,2,2022-04-07 10:43:41
675,rb2210,SHFE,0_0_     1995850,     2479289,多,平今,5077.0,1,2022-04-07 10:43:47
676,rb2210,SHFE,0_0_     1995850,     2479304,多,平今,5077.0,1,2022-04-07 10:43:48
677,rb2210,SHFE,0_0_     1996769,     2479442,空,开,5078.0,3,2022-04-07 10:43:50
678,rb2210,SHFE,0_0_     1996883,     2481457,多,平今,5077.0,3,2022-04-07 10:44:11
679,rb2210,SHFE,0_0_     2001113,     2484472,空,开,5078.0,2,2022-04-07 10:44:25
680,rb2210,SHFE,0_0_     2002503,     2488233,多,平今,5078.0,3,2022-04-07 10:44:54
681,rb2210,SHFE,0_0_     2005409,     2489068,空,开,5078.0,4,2022-04-07 10:45:01
682,rb2210,SHFE,0_0_     2005552,     2489137,多,平今,5077.0,1,2022-04-07 10:45:02
683,rb2210,SHFE,0_0_     2012903,     2496531,多,平今,5083.0,1,2022-04-07 10:45:52
684,rb2210,SHFE,0_0_     2014410,     2498279,多,开,5082.0,1,2022-04-07 10:46:05
685,rb2210,SHFE,0_0_     2006947,     2503519,多,平今,5078.0,4,2022-04-07 10:47:01
686,rb2210,SHFE,0_0_     2005978,     2504200,多,平今,5076.0,1,2022-04-07 10:47:08
687,rb2210,SHFE,0_0_     2021235,     2504231,空,平今,5077.0,2,2022-04-07 10:47:09
688,rb2210,SHFE,0_0_     2022536,     2505449,空,开,5077.0,3,2022-04-07 10:47:22
689,rb2210,SHFE,0_0_     2022536,     2505506,空,开,5077.0,1,2022-04-07 10:47:23
690,rb2210,SHFE,0_0_     2023106,     2506367,多,平今,5074.0,1,2022-04-07 10:47:29
691,rb2210,SHFE,0_0_     2023106,     2506368,多,平今,5074.0,1,2022-04-07 10:47:29
692,rb2210,SHFE,0_0_     2023106,     2506411,多,平今,5074.0,1,2022-04-07 10:47:30
693,rb2210,SHFE,0_0_     2023310,     2507055,空,开,5075.0,3,2022-04-07 10:47:36
694,rb2210,SHFE,0_0_     2023714,     2510216,多,平今,5074.0,3,2022-04-07 10:48:04
695,rb2210,SHFE,0_0_     2027454,     2510721,空,开,5075.0,1,2022-04-07 10:48:08
696,rb2210,SHFE,0_0_     2027454,     2510729,空,开,5075.0,1,2022-04-07 10:48:08
697,rb2210,SHFE,0_0_     2027454,     2510732,空,开,5075.0,1,2022-04-07 10:48:08
698,rb2210,SHFE,0_0_     2027955,     2510942,多,平今,5074.0,2,2022-04-07 10:48:11
699,rb2210,SHFE,0_0_     2030963,     2513729,多,平今,5076.0,2,2022-04-07 10:48:31
700,rb2210,SHFE,0_0_     2045386,     2526076,空,开,5075.0,1,2022-04-07 10:50:42
701,rb2210,SHFE,0_0_     2045386,     2526080,空,开,5075.0,2,2022-04-07 10:50:42
702,rb2210,SHFE,0_0_     2045386,     2526082,空,开,5075.0,1,2022-04-07 10:50:42
703,rb2210,SHFE,0_0_     2045474,     2527465,多,平今,5074.0,1,2022-04-07 10:50:55
704,rb2210,SHFE,0_0_     2045474,     2527603,多,平今,5074.0,1,2022-04-07 10:50:55
705,rb2210,SHFE,0_0_     2045474,     2528079,多,平今,5074.0,2,2022-04-07 10:50:58
706,rb2210,SHFE,0_0_     2020535,     2538002,空,开,5079.0,1,2022-04-07 10:52:39
707,rb2210,SHFE,0_0_     2020535,     2538010,空,开,5079.0,3,2022-04-07 10:52:39
708,rb2210,SHFE,0_0_     2059666,     2538017,多,平今,5078.0,2,2022-04-07 10:52:39
709,rb2210,SHFE,0_0_     2059666,     2538018,多,平今,5078.0,2,2022-04-07 10:52:39
710,rb2210,SHFE,0_0_     2063896,     2543030,多,开,5081.0,3,2022-04-07 10:53:21
711,rb2210,SHFE,0_0_     2064355,     2543234,空,平今,5082.0,3,2022-04-07 10:53:24
712,rb2210,SHFE,0_0_     2064530,     2543261,空,开,5082.0,1,2022-04-07 10:53:24
713,rb2210,SHFE,0_0_     2064530,     2543293,空,开,5081.0,1,2022-04-07 10:53:25
714,rb2210,SHFE,0_0_     2064619,     2543474,多,平今,5080.0,1,2022-04-07 10:53:26
715,rb2210,SHFE,0_0_     2070766,     2547923,空,开,5081.0,1,2022-04-07 10:54:21
716,rb2210,SHFE,0_0_     2072500,     2549124,多,平今,5080.0,1,2022-04-07 10:54:33
717,rb2210,SHFE,0_0_     2073103,     2551081,空,开,5081.0,1,2022-04-07 10:55:03
718,rb2210,SHFE,0_0_     2079604,     2558199,多,开,5085.0,8,2022-04-07 10:56:08
719,rb2210,SHFE,0_0_     2085034,     2558620,空,平今,5085.0,4,2022-04-07 10:56:11
720,rb2210,SHFE,0_0_     2085506,     2561691,多,开,5084.000000000001,4,2022-04-07 10:56:49
721,rb2210,SHFE,0_0_     2090816,     2562897,空,平今,5083.0,2,2022-04-07 10:57:00
722,rb2210,SHFE,0_0_     2095439,     2565375,空,平今,5082.0,1,2022-04-07 10:57:27
723,rb2210,SHFE,0_0_     2095944,     2565484,多,平今,5081.0,1,2022-04-07 10:57:29
724,rb2210,SHFE,0_0_     2096072,     2565630,空,平今,5082.0,1,2022-04-07 10:57:31
725,rb2210,SHFE,0_0_     2120066,     2582228,多,开,5078.0,2,2022-04-07 11:00:45
726,rb2210,SHFE,0_0_     2128905,     2589017,空,平今,5075.0,3,2022-04-07 11:02:00
727,rb2210,SHFE,0_0_     2134987,     2595944,空,平今,5071.0,1,2022-04-07 11:02:52
728,rb2210,SHFE,0_0_     2135885,     2597542,多,平今,5071.0,1,2022-04-07 11:03:03
729,rb2210,SHFE,0_0_     2131789,     2610362,空,开,5075.0,5,2022-04-07 11:05:15
730,rb2210,SHFE,0_0_     2149866,     2614265,多,平今,5073.0,1,2022-04-07 11:05:51
731,rb2210,SHFE,0_0_     2147346,     2614555,多,开,5072.0,1,2022-04-07 11:05:56
732,rb2210,SHFE,0_0_     2158135,     2620145,空,平今,5068.0,1,2022-04-07 11:06:40
733,rb2210,SHFE,0_0_     2158135,     2620146,空,平今,5068.0,1,2022-04-07 11:06:40
734,rb2210,SHFE,0_0_     2158183,     2623828,多,平今,5067.0,1,2022-04-07 11:07:17
735,rb2210,SHFE,0_0_     2158183,     2623829,多,平今,5067.0,1,2022-04-07 11:07:17
736,rb2210,SHFE,0_0_     2162699,     2626044,空,开,5063.0,4,2022-04-07 11:07:20
737,rb2210,SHFE,0_0_     2162833,     2626637,多,平今,5064.0,2,2022-04-07 11:07:22
738,rb2210,SHFE,0_0_     2162901,     2626682,空,开,5065.0,2,2022-04-07 11:07:22
739,rb2210,SHFE,0_0_     2162906,     2626706,多,平今,5064.0,2,2022-04-07 11:07:22
740,rb2210,SHFE,0_0_     2162919,     2626715,空,开,5065.0,2,2022-04-07 11:07:22
741,rb2210,SHFE,0_0_     2162922,     2626716,多,平今,5064.0,1,2022-04-07 11:07:22
742,rb2210,SHFE,0_0_     2162922,     2626718,多,平今,5064.0,1,2022-04-07 11:07:22
743,rb2210,SHFE,0_0_     2162925,     2626730,空,开,5065.0,2,2022-04-07 11:07:22
744,rb2210,SHFE,0_0_     2162927,     2626825,多,平今,5064.0,2,2022-04-07 11:07:22
745,rb2210,SHFE,0_0_     2163131,     2627281,多,平今,5065.0,2,2022-04-07 11:07:25
746,rb2210,SHFE,0_0_     2163425,     2627336,空,开,5066.0,1,2022-04-07 11:07:26
747,rb2210,SHFE,0_0_     2163425,     2627343,空,开,5066.0,1,2022-04-07 11:07:26
748,rb2210,SHFE,0_0_     2163676,     2627616,多,平今,5065.0,2,2022-04-07 11:07:27
749,rb2210,SHFE,0_0_     2163037,     2628277,多,开,5064.0,2,2022-04-07 11:07:29
750,rb2210,SHFE,0_0_     2163037,     2628415,多,开,5064.0,1,2022-04-07 11:07:30
751,rb2210,SHFE,0_0_     2163037,     2628429,多,开,5064.0,1,2022-04-07 11:07:30
752,rb2210,SHFE,0_0_     2163037,     2628432,多,开,5064.0,1,2022-04-07 11:07:30
753,rb2210,SHFE,0_0_     2163037,     2628470,多,开,5064.0,1,2022-04-07 11:07:31
754,rb2210,SHFE,0_0_     2164502,     2628582,空,平今,5065.0,5,2022-04-07 11:07:31
755,rb2210,SHFE,0_0_     2164504,     2629573,多,开,5064.0,4,2022-04-07 11:07:37
756,rb2210,SHFE,0_0_     2164504,     2629574,多,开,5064.0,1,2022-04-07 11:07:37
757,rb2210,SHFE,0_0_     2165924,     2630098,空,平今,5065.0,1,2022-04-07 11:07:41
758,rb2210,SHFE,0_0_     2168771,     2633959,空,开,5065.0,4,2022-04-07 11:08:01
759,rb2210,SHFE,0_0_     2168012,     2634322,空,平今,5066.0,1,2022-04-07 11:08:03
760,rb2210,SHFE,0_0_     2168012,     2634326,空,平今,5066.0,1,2022-04-07 11:08:03
761,rb2210,SHFE,0_0_     2168012,     2634327,空,平今,5066.0,1,2022-04-07 11:08:03
762,rb2210,SHFE,0_0_     2168012,     2637364,空,平今,5066.0,1,2022-04-07 11:08:22
763,rb2210,SHFE,0_0_     2180539,     2645857,多,平今,5071.0,4,2022-04-07 11:09:23
764,rb2210,SHFE,0_0_     2181111,     2645889,空,开,5072.0,4,2022-04-07 11:09:23
765,rb2210,SHFE,0_0_     2182560,     2648463,空,平今,5071.0,1,2022-04-07 11:09:44
766,rb2210,SHFE,0_0_     2183981,     2648476,多,平今,5070.0,1,2022-04-07 11:09:44
767,rb2210,SHFE,0_0_     2184024,     2648756,空,平今,5071.0,1,2022-04-07 11:09:48
768,rb2210,SHFE,0_0_     2184399,     2648764,多,平今,5070.0,1,2022-04-07 11:09:48
769,rb2210,SHFE,0_0_     2184400,     2648921,空,开,5071.0,1,2022-04-07 11:09:49
770,rb2210,SHFE,0_0_     2184420,     2649122,多,开,5069.0,8,2022-04-07 11:09:51
771,rb2210,SHFE,0_0_     2186182,     2650449,空,平今,5067.0,1,2022-04-07 11:10:02
772,rb2210,SHFE,0_0_     2192871,     2656500,多,平今,5063.0,4,2022-04-07 11:10:48
773,rb2210,SHFE,0_0_     2193431,     2657392,空,平今,5063.0,3,2022-04-07 11:10:56
774,rb2210,SHFE,0_0_     2192893,     2658667,空,开,5064.0,4,2022-04-07 11:11:04
775,rb2210,SHFE,0_0_     2195145,     2661350,多,平今,5063.0,4,2022-04-07 11:11:26
776,rb2210,SHFE,0_0_     2197552,     2661377,空,开,5064.0,1,2022-04-07 11:11:26
777,rb2210,SHFE,0_0_     2197552,     2661378,空,开,5064.0,2,2022-04-07 11:11:26
778,rb2210,SHFE,0_0_     2197552,     2661380,空,开,5064.0,1,2022-04-07 11:11:27
779,rb2210,SHFE,0_0_     2197602,     2661911,空,开,5065.0,1,2022-04-07 11:11:33
780,rb2210,SHFE,0_0_     2198225,     2662156,多,开,5065.0,4,2022-04-07 11:11:35
781,rb2210,SHFE,0_0_     2197893,     2662582,多,平今,5064.0,1,2022-04-07 11:11:40
782,rb2210,SHFE,0_0_     2197893,     2662583,多,平今,5064.0,3,2022-04-07 11:11:40
783,rb2210,SHFE,0_0_     2199016,     2662789,空,开,5064.0,4,2022-04-07 11:11:41
784,rb2210,SHFE,0_0_     2204479,     2668603,空,平今,5062.0,1,2022-04-07 11:12:29
785,rb2210,SHFE,0_0_     2204695,     2668821,空,开,5062.0,2,2022-04-07 11:12:30
786,rb2210,SHFE,0_0_     2198615,     2669721,空,平今,5066.0,2,2022-04-07 11:12:39
787,rb2210,SHFE,0_0_     2205667,     2669723,多,平今,5065.0,1,2022-04-07 11:12:39
788,rb2210,SHFE,0_0_     2205667,     2669725,多,平今,5065.0,1,2022-04-07 11:12:39
789,rb2210,SHFE,0_0_     2205675,     2669736,多,开,5065.0,3,2022-04-07 11:12:40
790,rb2210,SHFE,0_0_     2211485,     2674295,多,平今,5066.0,2,2022-04-07 11:13:32
791,rb2210,SHFE,0_0_     2205126,     2675279,多,平今,5063.0,1,2022-04-07 11:13:42
792,rb2210,SHFE,0_0_     2205126,     2675280,多,平今,5063.0,1,2022-04-07 11:13:42
793,rb2210,SHFE,0_0_     2205126,     2675281,多,平今,5063.0,2,2022-04-07 11:13:42
794,rb2210,SHFE,0_0_     2212789,     2675685,空,开,5064.0,1,2022-04-07 11:13:49
795,rb2210,SHFE,0_0_     2212789,     2675686,空,开,5064.0,2,2022-04-07 11:13:49
796,rb2210,SHFE,0_0_     2215217,     2677333,空,平今,5062.0,1,2022-04-07 11:14:04
797,rb2210,SHFE,0_0_     2215737,     2677506,空,开,5062.0,1,2022-04-07 11:14:06
798,rb2210,SHFE,0_0_     2217985,     2679314,多,平今,5059.0,1,2022-04-07 11:14:16
799,rb2210,SHFE,0_0_     2218189,     2679379,空,开,5060.0,1,2022-04-07 11:14:16
800,rb2210,SHFE,0_0_     2219301,     2680408,多,平今,5060.0,1,2022-04-07 11:14:24
801,rb2210,SHFE,0_0_     2219304,     2680638,空,开,5061.0,1,2022-04-07 11:14:27
802,rb2210,SHFE,0_0_     2220404,     2681585,多,平今,5060.0,1,2022-04-07 11:14:33
803,rb2210,SHFE,0_0_     2220404,     2681586,多,平今,5060.0,3,2022-04-07 11:14:33
804,rb2210,SHFE,0_0_     2220548,     2682127,空,开,5061.0,1,2022-04-07 11:14:37
805,rb2210,SHFE,0_0_     2220548,     2682152,空,开,5061.0,1,2022-04-07 11:14:37
806,rb2210,SHFE,0_0_     2220548,     2682170,空,开,5061.0,1,2022-04-07 11:14:38
807,rb2210,SHFE,0_0_     2220548,     2682177,空,开,5061.0,1,2022-04-07 11:14:38
808,rb2210,SHFE,0_0_     2221023,     2682262,多,平今,5060.0,1,2022-04-07 11:14:39
809,rb2210,SHFE,0_0_     2221059,     2682487,空,开,5061.0,1,2022-04-07 11:14:40
810,rb2210,SHFE,0_0_     2221194,     2682956,多,平今,5060.0,3,2022-04-07 11:14:44
811,rb2210,SHFE,0_0_     2221749,     2683062,空,开,5062.0,1,2022-04-07 11:14:45
812,rb2210,SHFE,0_0_     2221817,     2683108,多,平今,5061.0,2,2022-04-07 11:14:46
813,rb2210,SHFE,0_0_     2221999,     2683546,空,开,5062.0,4,2022-04-07 11:14:51
814,rb2210,SHFE,0_0_     2222519,     2685396,多,平今,5061.0,1,2022-04-07 11:15:07
815,rb2210,SHFE,0_0_     2222519,     2685402,多,平今,5061.0,2,2022-04-07 11:15:07
816,rb2210,SHFE,0_0_     2222519,     2685406,多,平今,5061.0,1,2022-04-07 11:15:07
817,rb2210,SHFE,0_0_     2225401,     2686068,空,开,5061.0,2,2022-04-07 11:15:12
818,rb2210,SHFE,0_0_     2225748,     2686263,多,平今,5061.0,2,2022-04-07 11:15:15
819,rb2210,SHFE,0_0_     2225182,     2686360,空,开,5062.000000000001,1,2022-04-07 11:15:16
820,rb2210,SHFE,0_0_     2229444,     2689591,多,平今,5061.0,1,2022-04-07 11:15:47
821,rb2210,SHFE,0_0_     2229477,     2689748,空,开,5062.0,1,2022-04-07 11:15:49
822,rb2210,SHFE,0_0_     2229781,     2689762,多,平今,5061.0,1,2022-04-07 11:15:50
823,rb2210,SHFE,0_0_     2229920,     2691381,多,开,5061.0,1,2022-04-07 11:16:02
824,rb2210,SHFE,0_0_     2234235,     2694522,空,平今,5057.0,4,2022-04-07 11:16:16
825,rb2210,SHFE,0_0_     2234600,     2695068,多,开,5057.0,1,2022-04-07 11:16:19
826,rb2210,SHFE,0_0_     2235716,     2695996,空,平今,5057.0,1,2022-04-07 11:16:27
827,rb2210,SHFE,0_0_     2235830,     2696137,空,平今,5057.0,2,2022-04-07 11:16:28
828,rb2210,SHFE,0_0_     2235444,     2698179,空,平今,5058.0,1,2022-04-07 11:16:42
829,rb2210,SHFE,0_0_     2238101,     2698360,多,开,5058.0,3,2022-04-07 11:16:43
830,rb2210,SHFE,0_0_     2241907,     2701923,空,平今,5060.0,4,2022-04-07 11:17:12
831,rb2210,SHFE,0_0_     2241934,     2702040,多,开,5059.0,1,2022-04-07 11:17:13
832,rb2210,SHFE,0_0_     2241934,     2702105,多,开,5059.0,3,2022-04-07 11:17:14
833,rb2210,SHFE,0_0_     2244795,     2704826,空,平今,5060.0,2,2022-04-07 11:17:29
834,rb2210,SHFE,0_0_     2249423,     2709901,多,开,5063.0,1,2022-04-07 11:17:59
835,rb2210,SHFE,0_0_     2250187,     2710695,空,平今,5064.0,1,2022-04-07 11:18:05
836,rb2210,SHFE,0_0_     2250316,     2710708,多,开,5063.0,1,2022-04-07 11:18:05
837,rb2210,SHFE,0_0_     2250317,     2710888,空,平今,5064.0,1,2022-04-07 11:18:06
838,rb2210,SHFE,0_0_     2250753,     2711265,多,开,5064.0,1,2022-04-07 11:18:08
839,rb2210,SHFE,0_0_     2256074,     2715684,多,开,5068.0,1,2022-04-07 11:18:51
840,rb2210,SHFE,0_0_     2257442,     2717347,空,平今,5070.0,1,2022-04-07 11:19:05
841,rb2210,SHFE,0_0_     2257442,     2717348,空,平今,5070.0,2,2022-04-07 11:19:05
842,rb2210,SHFE,0_0_     2257442,     2717358,空,平今,5070.0,1,2022-04-07 11:19:05
843,rb2210,SHFE,0_0_     2250356,     2723725,多,开,5063.0,1,2022-04-07 11:19:47
844,rb2210,SHFE,0_0_     2265837,     2726027,空,开,5063.0,4,2022-04-07 11:20:09
845,rb2210,SHFE,0_0_     2270858,     2730056,多,平今,5067.0,1,2022-04-07 11:20:46
846,rb2210,SHFE,0_0_     2270997,     2730282,空,平今,5068.0,1,2022-04-07 11:20:47
847,rb2210,SHFE,0_0_     2271232,     2730300,多,平今,5067.0,1,2022-04-07 11:20:47
848,rb2210,SHFE,0_0_     2271290,     2730426,空,开,5067.0,2,2022-04-07 11:20:48
849,rb2210,SHFE,0_0_     2271325,     2731015,多,平今,5066.0,2,2022-04-07 11:20:52
850,rb2210,SHFE,0_0_     2271325,     2731019,多,平今,5066.0,2,2022-04-07 11:20:52
851,rb2210,SHFE,0_0_     2288366,     2745561,空,开,5062.0,3,2022-04-07 11:23:07
852,rb2210,SHFE,0_0_     2293065,     2749124,多,开,5059.0,1,2022-04-07 11:23:48
853,rb2210,SHFE,0_0_     2293065,     2749125,多,开,5059.0,1,2022-04-07 11:23:48
854,rb2210,SHFE,0_0_     2293065,     2749128,多,开,5059.0,1,2022-04-07 11:23:48
855,rb2210,SHFE,0_0_     2293065,     2749129,多,开,5059.0,1,2022-04-07 11:23:48
856,rb2210,SHFE,0_0_     2293119,     2749185,空,平今,5060.0,1,2022-04-07 11:23:49
857,rb2210,SHFE,0_0_     2293119,     2749201,空,平今,5060.0,1,2022-04-07 11:23:49
858,rb2210,SHFE,0_0_     2293241,     2749486,多,平今,5059.0,3,2022-04-07 11:23:50
859,rb2210,SHFE,0_0_     2294164,     2751001,多,开,5057.0,1,2022-04-07 11:24:02
860,rb2210,SHFE,0_0_     2294164,     2751003,多,开,5057.0,1,2022-04-07 11:24:02
861,rb2210,SHFE,0_0_     2271762,     2757252,空,开,5067.0,4,2022-04-07 11:25:07
862,rb2210,SHFE,0_0_     2303107,     2758789,空,平今,5067.0,3,2022-04-07 11:25:19
863,rb2210,SHFE,0_0_     2307293,     2763525,多,开,5070.0,1,2022-04-07 11:26:00
864,rb2210,SHFE,0_0_     2307293,     2763526,多,开,5070.0,1,2022-04-07 11:26:00
865,rb2210,SHFE,0_0_     2307293,     2763527,多,开,5070.0,1,2022-04-07 11:26:00
866,rb2210,SHFE,0_0_     2307293,     2763528,多,开,5070.0,1,2022-04-07 11:26:00
867,rb2210,SHFE,0_0_     2307293,     2763529,多,开,5070.0,1,2022-04-07 11:26:00
868,rb2210,SHFE,0_0_     2307293,     2763530,多,开,5070.0,1,2022-04-07 11:26:00
869,rb2210,SHFE,0_0_     2307293,     2763531,多,开,5070.0,1,2022-04-07 11:26:00
870,rb2210,SHFE,0_0_     2307474,     2763723,空,平今,5070.0,1,2022-04-07 11:26:01
871,rb2210,SHFE,0_0_     2307474,     2763730,空,平今,5070.0,3,2022-04-07 11:26:01
872,rb2210,SHFE,0_0_     2307509,     2763760,空,平今,5070.0,1,2022-04-07 11:26:01
873,rb2210,SHFE,0_0_     2307726,     2764060,空,平今,5070.0,3,2022-04-07 11:26:03
874,rb2210,SHFE,0_0_     2308741,     2765107,空,开,5071.0,1,2022-04-07 11:26:14
875,rb2210,SHFE,0_0_     2308817,     2765307,空,开,5071.0,1,2022-04-07 11:26:16
876,rb2210,SHFE,0_0_     2311217,     2767788,空,开,5071.0,1,2022-04-07 11:26:38
877,rb2210,SHFE,0_0_     2320090,     2776486,多,开,5060.0,8,2022-04-07 11:27:47
878,rb2210,SHFE,0_0_     2321524,     2778130,空,平今,5057.0,3,2022-04-07 11:28:01
879,rb2210,SHFE,0_0_     2321757,     2778448,多,平今,5056.0,4,2022-04-07 11:28:02
880,rb2210,SHFE,0_0_     2321895,     2778459,空,平今,5057.0,5,2022-04-07 11:28:02
881,rb2210,SHFE,0_0_     2321901,     2778715,多,开,5056.0,1,2022-04-07 11:28:04
882,rb2210,SHFE,0_0_     2321901,     2778717,多,开,5056.0,3,2022-04-07 11:28:04
883,rb2210,SHFE,0_0_     2322114,     2779554,多,平今,5056.0,2,2022-04-07 11:28:10
884,rb2210,SHFE,0_0_     2322942,     2780813,空,开,5056.0,2,2022-04-07 11:28:16
885,rb2210,SHFE,0_0_     2323890,     2781654,空,平今,5058.0,4,2022-04-07 11:28:23
886,rb2210,SHFE,0_0_     2323898,     2784913,多,开,5057.0,4,2022-04-07 11:28:54
887,rb2210,SHFE,0_0_     2323898,     2784924,多,开,5057.0,1,2022-04-07 11:28:54
888,rb2210,SHFE,0_0_     2323898,     2784958,多,开,5057.0,2,2022-04-07 11:28:54
889,rb2210,SHFE,0_0_     2326828,     2785160,空,平今,5058.0,1,2022-04-07 11:28:56
890,rb2210,SHFE,0_0_     2326828,     2785161,空,平今,5058.0,1,2022-04-07 11:28:56
891,rb2210,SHFE,0_0_     2329418,     2810661,空,平今,5046.0,1,2022-04-07 13:30:09
892,rb2210,SHFE,0_0_     2329418,     2810671,空,平今,5046.0,2,2022-04-07 13:30:09
893,rb2210,SHFE,0_0_     2329418,     2810676,空,平今,5046.0,1,2022-04-07 13:30:09
894,rb2210,SHFE,0_0_     2329420,     2810677,多,开,5045.0,4,2022-04-07 13:30:09
895,rb2210,SHFE,0_0_     2329443,     2813183,空,平今,5046.0,2,2022-04-07 13:30:13
896,rb2210,SHFE,0_0_     2329443,     2813194,空,平今,5046.0,2,2022-04-07 13:30:13
897,rb2210,SHFE,0_0_     2329516,     2813199,多,开,5045.0,4,2022-04-07 13:30:13
898,rb2210,SHFE,0_0_     2329569,     2814348,空,开,5045.0,1,2022-04-07 13:30:16
899,rb2210,SHFE,0_0_     2329569,     2814356,空,开,5045.0,1,2022-04-07 13:30:16
900,rb2210,SHFE,0_0_     2329573,     2814551,空,平今,5045.0,1,2022-04-07 13:30:16
901,rb2210,SHFE,0_0_     2329520,     2814621,空,平今,5046.0,4,2022-04-07 13:30:17
902,rb2210,SHFE,0_0_     2329587,     2814689,多,开,5045.0,8,2022-04-07 13:30:17
903,rb2210,SHFE,0_0_     2329589,     2814723,空,平今,5046.000000000001,2,2022-04-07 13:30:17
904,rb2210,SHFE,0_0_     2329589,     2814744,空,平今,5046.0,2,2022-04-07 13:30:17
905,rb2210,SHFE,0_0_     2329589,     2815273,空,平今,5046.0,2,2022-04-07 13:30:18
906,rb2210,SHFE,0_0_     2329589,     2815375,空,平今,5046.0,2,2022-04-07 13:30:19
907,rb2210,SHFE,0_0_     2329638,     2816101,空,开,5046.0,1,2022-04-07 13:30:21
908,rb2210,SHFE,0_0_     2329654,     2816603,多,平今,5046.0,4,2022-04-07 13:30:22
909,rb2210,SHFE,0_0_     2329805,     2819461,空,开,5051.0,3,2022-04-07 13:30:30
910,rb2210,SHFE,0_0_     2329819,     2819589,多,平今,5050.0,3,2022-04-07 13:30:30
911,rb2210,SHFE,0_0_     2329822,     2819605,空,开,5051.0,3,2022-04-07 13:30:30
912,rb2210,SHFE,0_0_     2329823,     2819883,多,平今,5050.0,3,2022-04-07 13:30:31
913,rb2210,SHFE,0_0_     2330240,     2825930,多,开,5044.0,6,2022-04-07 13:30:56
914,rb2210,SHFE,0_0_     2331776,     2842576,空,平今,5042.0,2,2022-04-07 13:31:56
915,rb2210,SHFE,0_0_     2331776,     2842589,空,平今,5042.0,1,2022-04-07 13:31:56
916,rb2210,SHFE,0_0_     2331803,     2842935,多,平今,5042.0,1,2022-04-07 13:31:58
917,rb2210,SHFE,0_0_     2331803,     2842944,多,平今,5042.0,1,2022-04-07 13:31:58
918,rb2210,SHFE,0_0_     2331825,     2846207,空,平今,5043.0,2,2022-04-07 13:32:11
919,rb2210,SHFE,0_0_     2332317,     2847318,多,开,5042.0,4,2022-04-07 13:32:14
920,rb2210,SHFE,0_0_     2333127,     2850741,空,平今,5040.0,1,2022-04-07 13:32:29
921,rb2210,SHFE,0_0_     2333256,     2851016,空,开,5039.0,3,2022-04-07 13:32:30
922,rb2210,SHFE,0_0_     2333256,     2851019,空,开,5039.0,3,2022-04-07 13:32:30
923,rb2210,SHFE,0_0_     2335805,     2857119,空,开,5042.000000000001,1,2022-04-07 13:32:56
924,rb2210,SHFE,0_0_     2336107,     2857134,多,平今,5041.0,1,2022-04-07 13:32:56
925,rb2210,SHFE,0_0_     2336121,     2857307,空,开,5042.0,1,2022-04-07 13:32:57
926,rb2210,SHFE,0_0_     2336239,     2857323,多,平今,5041.0,1,2022-04-07 13:32:57
927,rb2210,SHFE,0_0_     2336254,     2857379,多,平今,5041.0,1,2022-04-07 13:32:58
928,rb2210,SHFE,0_0_     2336240,     2857763,空,开,5042.0,1,2022-04-07 13:32:59
929,rb2210,SHFE,0_0_     2336446,     2857779,空,开,5041.0,1,2022-04-07 13:32:59
930,rb2210,SHFE,0_0_     2336446,     2857788,空,开,5041.0,1,2022-04-07 13:32:59
931,rb2210,SHFE,0_0_     2332389,     2858822,空,平今,5043.0,1,2022-04-07 13:33:04
932,rb2210,SHFE,0_0_     2332389,     2858957,空,平今,5043.0,2,2022-04-07 13:33:04
933,rb2210,SHFE,0_0_     2338353,     2861248,多,平今,5039.0,2,2022-04-07 13:33:15
934,rb2210,SHFE,0_0_     2338414,     2861402,多,平今,5039.0,6,2022-04-07 13:33:16
935,rb2210,SHFE,0_0_     2338731,     2862095,空,开,5039.0,2,2022-04-07 13:33:19
936,rb2210,SHFE,0_0_     2340195,     2863549,多,平今,5039.0,1,2022-04-07 13:33:29
937,rb2210,SHFE,0_0_     2342360,     2866540,多,开,5038.0,3,2022-04-07 13:33:50
938,rb2210,SHFE,0_0_     2343884,     2870022,空,平今,5036.0,3,2022-04-07 13:34:07
939,rb2210,SHFE,0_0_     2343943,     2870314,空,开,5036.0,1,2022-04-07 13:34:09
940,rb2210,SHFE,0_0_     2343943,     2870326,空,开,5036.0,1,2022-04-07 13:34:09
941,rb2210,SHFE,0_0_     2344080,     2870477,多,平今,5035.0,2,2022-04-07 13:34:10
942,rb2210,SHFE,0_0_     2344243,     2870817,多,开,5036.0,2,2022-04-07 13:34:11
943,rb2210,SHFE,0_0_     2344274,     2870831,空,平今,5037.0,1,2022-04-07 13:34:11
944,rb2210,SHFE,0_0_     2344274,     2870832,空,平今,5037.0,1,2022-04-07 13:34:11
945,rb2210,SHFE,0_0_     2342771,     2871437,空,开,5038.0,4,2022-04-07 13:34:14
946,rb2210,SHFE,0_0_     2344384,     2879848,多,开,5036.0,1,2022-04-07 13:35:01
947,rb2210,SHFE,0_0_     2344384,     2879849,多,开,5036.0,1,2022-04-07 13:35:01
948,rb2210,SHFE,0_0_     2351915,     2881360,空,平今,5036.0,1,2022-04-07 13:35:04
949,rb2210,SHFE,0_0_     2351915,     2881363,空,平今,5036.0,1,2022-04-07 13:35:04
950,rb2210,SHFE,0_0_     2352436,     2881880,空,开,5035.0,2,2022-04-07 13:35:05
951,rb2210,SHFE,0_0_     2332389,     2882254,空,平今,5043.0,1,2022-04-07 13:35:05
952,rb2210,SHFE,0_0_     2352466,     2882470,多,平今,5036.0,4,2022-04-07 13:35:05
953,rb2210,SHFE,0_0_     2352524,     2884156,多,平今,5036.0,1,2022-04-07 13:35:09
954,rb2210,SHFE,0_0_     2353507,     2885052,空,开,5037.0,1,2022-04-07 13:35:12
955,rb2210,SHFE,0_0_     2354101,     2888628,多,平今,5036.0,1,2022-04-07 13:35:23
956,rb2210,SHFE,0_0_     2356094,     2892063,空,开,5037.0,1,2022-04-07 13:35:36
957,rb2210,SHFE,0_0_     2358986,     2892544,多,平今,5036.0,1,2022-04-07 13:35:39
958,rb2210,SHFE,0_0_     2359529,     2893209,多,平今,5037.0,1,2022-04-07 13:35:43
959,rb2210,SHFE,0_0_     2359736,     2893352,空,开,5038.0,3,2022-04-07 13:35:43
960,rb2210,SHFE,0_0_     2359816,     2893452,空,开,5038.0,1,2022-04-07 13:35:44
961,rb2210,SHFE,0_0_     2363175,     2898284,多,平今,5042.0,1,2022-04-07 13:36:01
962,rb2210,SHFE,0_0_     2363175,     2898362,多,平今,5042.0,1,2022-04-07 13:36:02
963,rb2210,SHFE,0_0_     2363175,     2898363,多,平今,5042.0,1,2022-04-07 13:36:02
964,rb2210,SHFE,0_0_     2363346,     2898797,空,开,5043.0,3,2022-04-07 13:36:03
965,rb2210,SHFE,0_0_     2363607,     2899516,多,平今,5042.0,1,2022-04-07 13:36:06
966,rb2210,SHFE,0_0_     2363607,     2899544,多,平今,5042.0,1,2022-04-07 13:36:06
967,rb2210,SHFE,0_0_     2363607,     2899546,多,平今,5042.0,1,2022-04-07 13:36:06
968,rb2210,SHFE,0_0_     2367310,     2903685,多,开,5046.0,1,2022-04-07 13:36:26
969,rb2210,SHFE,0_0_     2367310,     2903686,多,开,5046.0,1,2022-04-07 13:36:26
970,rb2210,SHFE,0_0_     2367310,     2903697,多,开,5046.0,1,2022-04-07 13:36:26
971,rb2210,SHFE,0_0_     2367310,     2903701,多,开,5046.0,1,2022-04-07 13:36:26
972,rb2210,SHFE,0_0_     2367310,     2903702,多,开,5046.0,3,2022-04-07 13:36:26
973,rb2210,SHFE,0_0_     2368344,     2905046,空,平今,5046.0,2,2022-04-07 13:36:34
974,rb2210,SHFE,0_0_     2373459,     2912263,空,平今,5046.0,4,2022-04-07 13:37:10
975,rb2210,SHFE,0_0_     2382501,     2921437,空,平今,5049.0,1,2022-04-07 13:37:55
976,rb2210,SHFE,0_0_     2382957,     2922845,多,开,5048.0,4,2022-04-07 13:38:02
977,rb2210,SHFE,0_0_     2388501,     2928373,多,平今,5048.0,1,2022-04-07 13:38:46
978,rb2210,SHFE,0_0_     2394094,     2934567,空,平今,5050.0,1,2022-04-07 13:39:32
979,rb2210,SHFE,0_0_     2394568,     2935434,多,平今,5049.0,1,2022-04-07 13:39:36
980,rb2210,SHFE,0_0_     2395008,     2935632,空,开,5050.0,5,2022-04-07 13:39:36
981,rb2210,SHFE,0_0_     2395372,     2935999,多,平今,5049.0,1,2022-04-07 13:39:38
982,rb2210,SHFE,0_0_     2395372,     2936024,多,平今,5049.0,1,2022-04-07 13:39:38
983,rb2210,SHFE,0_0_     2395427,     2936148,空,平今,5050.0,2,2022-04-07 13:39:39
984,rb2210,SHFE,0_0_     2395462,     2936187,多,平今,5049.0,2,2022-04-07 13:39:39
985,rb2210,SHFE,0_0_     2406104,     2950391,多,开,5045.0,3,2022-04-07 13:41:12
986,rb2210,SHFE,0_0_     2406556,     2950607,空,平今,5046.0,1,2022-04-07 13:41:14
987,rb2210,SHFE,0_0_     2406556,     2950624,空,平今,5046.0,1,2022-04-07 13:41:14
988,rb2210,SHFE,0_0_     2406556,     2950644,空,平今,5046.0,1,2022-04-07 13:41:14
989,rb2210,SHFE,0_0_     2395467,     2957362,空,开,5050.0,3,2022-04-07 13:41:59
990,rb2210,SHFE,0_0_     2413173,     2959542,多,开,5051.0,3,2022-04-07 13:42:07
991,rb2210,SHFE,0_0_     2413173,     2959733,多,开,5051.0,1,2022-04-07 13:42:08
992,rb2210,SHFE,0_0_     2414565,     2959793,空,平今,5052.0,1,2022-04-07 13:42:08
993,rb2210,SHFE,0_0_     2414671,     2960024,空,平今,5052.0,1,2022-04-07 13:42:09
994,rb2210,SHFE,0_0_     2415144,     2961573,多,平今,5051.0,1,2022-04-07 13:42:21
995,rb2210,SHFE,0_0_     2423604,     2972386,空,平今,5055.0,1,2022-04-07 13:43:26
996,rb2210,SHFE,0_0_     2427363,     2978537,多,开,5058.0,2,2022-04-07 13:43:56
997,rb2210,SHFE,0_0_     2427752,     2979209,空,平今,5059.0,2,2022-04-07 13:44:00
998,rb2210,SHFE,0_0_     2429394,     2981253,空,开,5061.0,5,2022-04-07 13:44:08
999,rb2210,SHFE,0_0_     2429514,     2981302,多,平今,5060.0,4,2022-04-07 13:44:08
1000,rb2210,SHFE,0_0_     2430916,     2982685,多,平今,5059.0,1,2022-04-07 13:44:19
1001,rb2210,SHFE,0_0_     2430916,     2982686,多,平今,5059.0,2,2022-04-07 13:44:20
1002,rb2210,SHFE,0_0_     2423630,     2993817,多,开,5054.0,1,2022-04-07 13:45:29
1003,rb2210,SHFE,0_0_     2442319,     2997839,空,开,5052.0,4,2022-04-07 13:45:59
1004,rb2210,SHFE,0_0_     2442460,     2997968,空,平今,5052.0,1,2022-04-07 13:46:01
1005,rb2210,SHFE,0_0_     2443533,     2999696,多,平今,5054.0,1,2022-04-07 13:46:09
1006,rb2210,SHFE,0_0_     2438682,     2999784,空,平今,5055.0,1,2022-04-07 13:46:09
1007,rb2210,SHFE,0_0_     2444321,     3000925,空,开,5056.0,1,2022-04-07 13:46:16
1008,rb2210,SHFE,0_0_     2444321,     3000926,空,开,5056.0,1,2022-04-07 13:46:16
1009,rb2210,SHFE,0_0_     2444403,     3002763,多,平今,5055.0,2,2022-04-07 13:46:34
1010,rb2210,SHFE,0_0_     2443255,     3007120,多,平今,5052.0,2,2022-04-07 13:47:04
1011,rb2210,SHFE,0_0_     2449856,     3007536,空,开,5052.0,1,2022-04-07 13:47:05
1012,rb2210,SHFE,0_0_     2449856,     3007538,空,开,5052.0,1,2022-04-07 13:47:05
1013,rb2210,SHFE,0_0_     2449856,     3007541,空,开,5052.0,1,2022-04-07 13:47:05
1014,rb2210,SHFE,0_0_     2449856,     3007546,空,开,5052.0,1,2022-04-07 13:47:05
1015,rb2210,SHFE,0_0_     2457165,     3017246,多,平今,5049.0,1,2022-04-07 13:48:01
1016,rb2210,SHFE,0_0_     2460422,     3020940,多,平今,5048.0,2,2022-04-07 13:48:27
1017,rb2210,SHFE,0_0_     2461235,     3021497,多,开,5048.0,3,2022-04-07 13:48:33
1018,rb2210,SHFE,0_0_     2461235,     3021502,多,开,5048.0,1,2022-04-07 13:48:33
1019,rb2210,SHFE,0_0_     2461235,     3021504,多,开,5048.0,1,2022-04-07 13:48:33
1020,rb2210,SHFE,0_0_     2462143,     3022697,空,平今,5048.0,4,2022-04-07 13:48:48
1021,rb2210,SHFE,0_0_     2466590,     3034848,空,开,5045.0,2,2022-04-07 13:50:14
1022,rb2210,SHFE,0_0_     2474172,     3040216,多,平今,5044.0,1,2022-04-07 13:50:56
1023,rb2210,SHFE,0_0_     2476590,     3044045,多,平今,5045.0,1,2022-04-07 13:51:18
1024,rb2210,SHFE,0_0_     2478698,     3046291,多,平今,5045.000000000001,1,2022-04-07 13:51:41
1025,rb2210,SHFE,0_0_     2479233,     3046495,空,开,5046.0,1,2022-04-07 13:51:43
1026,rb2210,SHFE,0_0_     2479537,     3047213,多,平今,5045.0,1,2022-04-07 13:51:51
1027,rb2210,SHFE,0_0_     2480063,     3048911,空,开,5046.0,3,2022-04-07 13:52:07
1028,rb2210,SHFE,0_0_     2481674,     3050020,多,平今,5045.0,3,2022-04-07 13:52:20
1029,rb2210,SHFE,0_0_     2482814,     3050376,空,开,5046.0,1,2022-04-07 13:52:23
1030,rb2210,SHFE,0_0_     2482814,     3050398,空,开,5046.0,1,2022-04-07 13:52:23
1031,rb2210,SHFE,0_0_     2482814,     3050439,空,开,5046.0,1,2022-04-07 13:52:24
1032,rb2210,SHFE,0_0_     2483195,     3050456,多,平今,5045.0,1,2022-04-07 13:52:24
1033,rb2210,SHFE,0_0_     2483214,     3050614,空,开,5046.0,1,2022-04-07 13:52:26
1034,rb2210,SHFE,0_0_     2462508,     3050980,空,开,5047.0,1,2022-04-07 13:52:31
1035,rb2210,SHFE,0_0_     2462508,     3050983,空,开,5047.0,1,2022-04-07 13:52:31
1036,rb2210,SHFE,0_0_     2462508,     3050984,空,开,5047.0,1,2022-04-07 13:52:31
1037,rb2210,SHFE,0_0_     2461805,     3052541,空,平今,5049.0,1,2022-04-07 13:52:47
1038,rb2210,SHFE,0_0_     2485328,     3052747,多,平今,5049.0,4,2022-04-07 13:52:49
1039,rb2210,SHFE,0_0_     2454890,     3056205,空,平今,5051.0,1,2022-04-07 13:53:25
1040,rb2210,SHFE,0_0_     2489187,     3056689,多,平今,5051.0,1,2022-04-07 13:53:32
1041,rb2210,SHFE,0_0_     2503547,     3075304,空,开,5058.0,1,2022-04-07 13:56:18
1042,rb2210,SHFE,0_0_     2503614,     3075363,多,平今,5057.0,3,2022-04-07 13:56:18
1043,rb2210,SHFE,0_0_     2503755,     3075499,空,开,5057.0,4,2022-04-07 13:56:20
1044,rb2210,SHFE,0_0_     2508428,     3082841,空,开,5062.0,1,2022-04-07 13:57:12
1045,rb2210,SHFE,0_0_     2503764,     3094006,多,平今,5056.0,1,2022-04-07 13:58:32
1046,rb2210,SHFE,0_0_     2503764,     3094141,多,平今,5056.0,1,2022-04-07 13:58:33
1047,rb2210,SHFE,0_0_     2503764,     3094148,多,平今,5056.0,2,2022-04-07 13:58:33
1048,rb2210,SHFE,0_0_     2516542,     3094236,空,开,5057.0,3,2022-04-07 13:58:34
1049,rb2210,SHFE,0_0_     2516580,     3094870,多,平今,5056.0,3,2022-04-07 13:58:38
1050,rb2210,SHFE,0_0_     2516924,     3095044,空,开,5057.0,3,2022-04-07 13:58:39
1051,rb2210,SHFE,0_0_     2514850,     3095999,空,开,5059.0,1,2022-04-07 13:58:44
1052,rb2210,SHFE,0_0_     2517577,     3096502,多,平今,5058.0,1,2022-04-07 13:58:48
1053,rb2210,SHFE,0_0_     2523401,     3104746,空,开,5062.0,3,2022-04-07 13:59:36
1054,rb2210,SHFE,0_0_     2524730,     3108148,多,开,5064.0,4,2022-04-07 13:59:53
1055,rb2210,SHFE,0_0_     2529138,     3114807,多,平今,5062.0,2,2022-04-07 14:00:25
1056,rb2210,SHFE,0_0_     2540944,     3128950,多,开,5064.0,4,2022-04-07 14:01:53
1057,rb2210,SHFE,0_0_     2544647,     3136391,空,平今,5074.0,1,2022-04-07 14:02:29
1058,rb2210,SHFE,0_0_     2544673,     3136399,多,平今,5073.0,1,2022-04-07 14:02:29
1059,rb2210,SHFE,0_0_     2546426,     3139629,空,平今,5071.0,1,2022-04-07 14:02:51
1060,rb2210,SHFE,0_0_     2548391,     3141385,空,平今,5070.0,3,2022-04-07 14:03:02
1061,rb2210,SHFE,0_0_     2548391,     3141387,空,平今,5070.0,1,2022-04-07 14:03:02
1062,rb2210,SHFE,0_0_     2541994,     3146587,多,平今,5067.0,1,2022-04-07 14:03:45
1063,rb2210,SHFE,0_0_     2555206,     3148186,空,开,5068.0,3,2022-04-07 14:03:59
1064,rb2210,SHFE,0_0_     2564779,     3158496,多,平今,5064.0,4,2022-04-07 14:05:27
1065,rb2210,SHFE,0_0_     2570539,     3164048,多,平今,5069.0,3,2022-04-07 14:06:34
1066,rb2210,SHFE,0_0_     2571381,     3164787,多,开,5070.0,3,2022-04-07 14:06:43
1067,rb2210,SHFE,0_0_     2572213,     3166077,多,开,5071.0,2,2022-04-07 14:06:55
1068,rb2210,SHFE,0_0_     2572515,     3166381,空,平今,5072.0,2,2022-04-07 14:06:59
1069,rb2210,SHFE,0_0_     2572823,     3166846,多,开,5071.0,2,2022-04-07 14:07:00
1070,rb2210,SHFE,0_0_     2572964,     3166966,空,平今,5072.0,2,2022-04-07 14:07:00
1071,rb2210,SHFE,0_0_     2575148,     3169401,空,开,5075.0,8,2022-04-07 14:07:13
1072,rb2210,SHFE,0_0_     2575188,     3169976,多,平今,5076.0,4,2022-04-07 14:07:14
1073,rb2210,SHFE,0_0_     2576033,     3171275,多,平今,5076.0,4,2022-04-07 14:07:21
1074,rb2210,SHFE,0_0_     2573048,     3176890,多,开,5071.0,2,2022-04-07 14:08:12
1075,rb2210,SHFE,0_0_     2592614,     3194049,空,平今,5073.0,1,2022-04-07 14:10:52
1076,rb2210,SHFE,0_0_     2592614,     3194052,空,平今,5073.0,1,2022-04-07 14:10:52
1077,rb2210,SHFE,0_0_     2599208,     3197443,空,平今,5072.0,1,2022-04-07 14:11:23
1078,rb2210,SHFE,0_0_     2604930,     3203299,多,开,5073.0,1,2022-04-07 14:12:10
1079,rb2210,SHFE,0_0_     2608878,     3209146,多,开,5076.0,1,2022-04-07 14:13:01
1080,rb2210,SHFE,0_0_     2613254,     3213588,空,平今,5075.0,2,2022-04-07 14:13:42
1081,rb2210,SHFE,0_0_     2615781,     3218887,空,平今,5083.0,1,2022-04-07 14:14:17
1082,rb2210,SHFE,0_0_     2615960,     3218931,空,平今,5083.0,1,2022-04-07 14:14:18
1083,rb2210,SHFE,0_0_     2616022,     3219140,空,开,5083.0,4,2022-04-07 14:14:18
1084,rb2210,SHFE,0_0_     2616024,     3219327,多,平今,5082.0,1,2022-04-07 14:14:19
1085,rb2210,SHFE,0_0_     2616024,     3219328,多,平今,5082.0,3,2022-04-07 14:14:19
1086,rb2210,SHFE,0_0_     2616094,     3219461,空,开,5083.0,4,2022-04-07 14:14:20
1087,rb2210,SHFE,0_0_     2616131,     3219554,多,平今,5082.0,4,2022-04-07 14:14:20
1088,rb2210,SHFE,0_0_     2616195,     3220177,空,开,5083.0,4,2022-04-07 14:14:23
1089,rb2210,SHFE,0_0_     2616570,     3220199,多,平今,5082.0,1,2022-04-07 14:14:23
1090,rb2210,SHFE,0_0_     2616570,     3220223,多,平今,5082.0,2,2022-04-07 14:14:23
1091,rb2210,SHFE,0_0_     2616570,     3220253,多,平今,5082.0,1,2022-04-07 14:14:23
1092,rb2210,SHFE,0_0_     2616628,     3220306,空,开,5083.0,1,2022-04-07 14:14:24
1093,rb2210,SHFE,0_0_     2616628,     3220308,空,开,5083.0,1,2022-04-07 14:14:24
1094,rb2210,SHFE,0_0_     2616628,     3220378,空,开,5083.0,1,2022-04-07 14:14:24
1095,rb2210,SHFE,0_0_     2616628,     3220380,空,开,5083.0,1,2022-04-07 14:14:24
1096,rb2210,SHFE,0_0_     2616684,     3220438,多,平今,5082.0,2,2022-04-07 14:14:25
1097,rb2210,SHFE,0_0_     2616983,     3220781,多,平今,5082.0,1,2022-04-07 14:14:27
1098,rb2210,SHFE,0_0_     2616984,     3221366,空,平今,5083.0,1,2022-04-07 14:14:31
1099,rb2210,SHFE,0_0_     2617583,     3221432,多,平今,5082.0,1,2022-04-07 14:14:31
1100,rb2210,SHFE,0_0_     2617766,     3221813,多,开,5082.0,2,2022-04-07 14:14:33
1101,rb2210,SHFE,0_0_     2617766,     3221831,多,开,5082.0,1,2022-04-07 14:14:33
1102,rb2210,SHFE,0_0_     2617766,     3221843,多,开,5082.0,1,2022-04-07 14:14:34
1103,rb2210,SHFE,0_0_     2618203,     3223755,空,平今,5083.0,1,2022-04-07 14:14:46
1104,rb2210,SHFE,0_0_     2619073,     3224117,多,开,5082.0,1,2022-04-07 14:14:48
1105,rb2210,SHFE,0_0_     2619082,     3224413,空,平今,5083.0,2,2022-04-07 14:14:50
1106,rb2210,SHFE,0_0_     2619082,     3224416,空,平今,5083.0,1,2022-04-07 14:14:50
1107,rb2210,SHFE,0_0_     2620793,     3227510,空,开,5082.0,6,2022-04-07 14:15:02
1108,rb2210,SHFE,0_0_     2621212,     3228723,多,平今,5081.0,2,2022-04-07 14:15:05
1109,rb2210,SHFE,0_0_     2621317,     3229159,空,平今,5082.0,2,2022-04-07 14:15:06
1110,rb2210,SHFE,0_0_     2621762,     3229343,多,平今,5082.0,3,2022-04-07 14:15:07
1111,rb2210,SHFE,0_0_     2614362,     3232507,多,开,5076.0,3,2022-04-07 14:15:27
1112,rb2210,SHFE,0_0_     2623900,     3232514,空,平今,5077.0,1,2022-04-07 14:15:27
1113,rb2210,SHFE,0_0_     2623900,     3232517,空,平今,5077.0,1,2022-04-07 14:15:27
1114,rb2210,SHFE,0_0_     2623900,     3232526,空,平今,5077.0,1,2022-04-07 14:15:28
1115,rb2210,SHFE,0_0_     2627140,     3237085,多,平今,5076.0,1,2022-04-07 14:16:12
1116,rb2210,SHFE,0_0_     2627627,     3237420,空,开,5075.0,1,2022-04-07 14:16:15
1117,rb2210,SHFE,0_0_     2627627,     3237449,空,开,5075.0,1,2022-04-07 14:16:15
1118,rb2210,SHFE,0_0_     2632691,     3243724,空,开,5075.0,1,2022-04-07 14:17:03
1119,rb2210,SHFE,0_0_     2632691,     3243767,空,开,5075.0,1,2022-04-07 14:17:03
1120,rb2210,SHFE,0_0_     2651845,     3267557,多,平今,5073.0,2,2022-04-07 14:21:04
1121,rb2210,SHFE,0_0_     2651845,     3267558,多,平今,5073.0,1,2022-04-07 14:21:04
1122,rb2210,SHFE,0_0_     2651845,     3267559,多,平今,5073.0,1,2022-04-07 14:21:04
1123,rb2210,SHFE,0_0_     2652349,     3267913,多,开,5073.0,1,2022-04-07 14:21:07
1124,rb2210,SHFE,0_0_     2652349,     3267954,多,开,5073.0,1,2022-04-07 14:21:07
1125,rb2210,SHFE,0_0_     2652349,     3268011,多,开,5073.0,1,2022-04-07 14:21:08
1126,rb2210,SHFE,0_0_     2652349,     3268019,多,开,5073.0,1,2022-04-07 14:21:08
1127,rb2210,SHFE,0_0_     2652349,     3268067,多,开,5073.0,3,2022-04-07 14:21:08
1128,rb2210,SHFE,0_0_     2655748,     3271722,空,平今,5072.0,2,2022-04-07 14:21:48
1129,rb2210,SHFE,0_0_     2655748,     3272280,空,平今,5072.0,1,2022-04-07 14:21:52
1130,rb2210,SHFE,0_0_     2658198,     3273908,多,开,5073.0,3,2022-04-07 14:22:06
1131,rb2210,SHFE,0_0_     2659420,     3275312,空,平今,5074.0,1,2022-04-07 14:22:13
1132,rb2210,SHFE,0_0_     2659420,     3275313,空,平今,5074.0,1,2022-04-07 14:22:13
1133,rb2210,SHFE,0_0_     2659420,     3275314,空,平今,5074.0,1,2022-04-07 14:22:13
1134,rb2210,SHFE,0_0_     2659420,     3275330,空,平今,5074.0,1,2022-04-07 14:22:13
1135,rb2210,SHFE,0_0_     2660792,     3276715,多,开,5074.0,3,2022-04-07 14:22:25
1136,rb2210,SHFE,0_0_     2666821,     3283342,空,开,5066.0,1,2022-04-07 14:23:30
1137,rb2210,SHFE,0_0_     2666486,     3287089,空,开,5070.0,6,2022-04-07 14:24:04
1138,rb2210,SHFE,0_0_     2666486,     3287100,空,开,5070.0,1,2022-04-07 14:24:04
1139,rb2210,SHFE,0_0_     2674009,     3299492,多,平今,5066.0,3,2022-04-07 14:26:18
1140,rb2210,SHFE,0_0_     2682701,     3299704,空,开,5067.0,2,2022-04-07 14:26:19
1141,rb2210,SHFE,0_0_     2682701,     3299718,空,开,5067.0,1,2022-04-07 14:26:19
1142,rb2210,SHFE,0_0_     2682824,     3299920,多,平今,5066.0,3,2022-04-07 14:26:21
1143,rb2210,SHFE,0_0_     2684191,     3301569,空,平今,5064.0,1,2022-04-07 14:26:35
1144,rb2210,SHFE,0_0_     2683048,     3302868,空,开,5067.0,3,2022-04-07 14:26:49
1145,rb2210,SHFE,0_0_     2683123,     3302872,空,平今,5067.0,1,2022-04-07 14:26:49
1146,rb2210,SHFE,0_0_     2685103,     3302876,多,平今,5066.0,5,2022-04-07 14:26:49
1147,rb2210,SHFE,0_0_     2685949,     3304992,多,开,5068.0,4,2022-04-07 14:27:00
1148,rb2210,SHFE,0_0_     2684216,     3318364,多,平今,5063.0,1,2022-04-07 14:28:34
1149,rb2210,SHFE,0_0_     2695875,     3321869,空,平今,5064.0,1,2022-04-07 14:29:00
1150,rb2210,SHFE,0_0_     2698035,     3321871,多,平今,5063.0,1,2022-04-07 14:29:00
1151,rb2210,SHFE,0_0_     2701838,     3326931,空,开,5063.0,2,2022-04-07 14:29:52
1152,rb2210,SHFE,0_0_     2702137,     3327622,空,开,5063.000000000001,2,2022-04-07 14:29:58
1153,rb2210,SHFE,0_0_     2702250,     3327842,多,平今,5063.0,1,2022-04-07 14:29:59
1154,rb2210,SHFE,0_0_     2702337,     3328170,空,平今,5064.0,1,2022-04-07 14:30:01
1155,rb2210,SHFE,0_0_     2690114,     3328995,空,平今,5067.0,2,2022-04-07 14:30:04
1156,rb2210,SHFE,0_0_     2702579,     3333597,多,平今,5065.0,2,2022-04-07 14:30:51
1157,rb2210,SHFE,0_0_     2707938,     3333691,空,开,5066.0,1,2022-04-07 14:30:52
1158,rb2210,SHFE,0_0_     2707938,     3336910,空,开,5066.0,1,2022-04-07 14:31:12
1159,rb2210,SHFE,0_0_     2707943,     3336913,空,开,5066.0,2,2022-04-07 14:31:12
1160,rb2210,SHFE,0_0_     2710352,     3336993,多,平今,5065.0,2,2022-04-07 14:31:12
1161,rb2210,SHFE,0_0_     2710351,     3337616,多,平今,5063.0,2,2022-04-07 14:31:17
1162,rb2210,SHFE,0_0_     2710813,     3337869,多,开,5064.000000000001,4,2022-04-07 14:31:19
1163,rb2210,SHFE,0_0_     2713281,     3343542,空,平今,5059.0,3,2022-04-07 14:31:41
1164,rb2210,SHFE,0_0_     2712051,     3349460,空,开,5062.0,1,2022-04-07 14:32:11
1165,rb2210,SHFE,0_0_     2712051,     3349484,空,开,5062.0,1,2022-04-07 14:32:11
1166,rb2210,SHFE,0_0_     2712051,     3349500,空,开,5062.0,2,2022-04-07 14:32:11
1167,rb2210,SHFE,0_0_     2719293,     3357051,多,平今,5060.0,2,2022-04-07 14:32:52
1168,rb2210,SHFE,0_0_     2720071,     3357830,空,开,5061.0,1,2022-04-07 14:32:59
1169,rb2210,SHFE,0_0_     2720071,     3357949,空,开,5061.0,1,2022-04-07 14:32:59
1170,rb2210,SHFE,0_0_     2720653,     3358155,多,平今,5060.0,1,2022-04-07 14:33:00
1171,rb2210,SHFE,0_0_     2710365,     3375787,空,开,5066.0,2,2022-04-07 14:35:44
1172,rb2210,SHFE,0_0_     2737482,     3376034,多,平今,5066.0,1,2022-04-07 14:35:46
1173,rb2210,SHFE,0_0_     2738859,     3378167,多,平今,5065.0,1,2022-04-07 14:36:04
1174,rb2210,SHFE,0_0_     2738859,     3378168,多,平今,5065.0,1,2022-04-07 14:36:04
1175,rb2210,SHFE,0_0_     2738859,     3378169,多,平今,5065.0,1,2022-04-07 14:36:04
1176,rb2210,SHFE,0_0_     2746457,     3384825,空,平今,5070.0,1,2022-04-07 14:37:04
1177,rb2210,SHFE,0_0_     2746457,     3384827,空,平今,5070.0,1,2022-04-07 14:37:04
1178,rb2210,SHFE,0_0_     2746457,     3385087,空,平今,5070.0,1,2022-04-07 14:37:07
1179,rb2210,SHFE,0_0_     2746457,     3386293,空,平今,5070.0,1,2022-04-07 14:37:17
1180,rb2210,SHFE,0_0_     2748494,     3386336,多,开,5069.0,1,2022-04-07 14:37:18
1181,rb2210,SHFE,0_0_     2750533,     3388908,空,平今,5069.0,1,2022-04-07 14:37:50
1182,rb2210,SHFE,0_0_     2763399,     3404530,空,开,5074.0,4,2022-04-07 14:40:28
1183,rb2210,SHFE,0_0_     2766265,     3404630,多,平今,5073.0,4,2022-04-07 14:40:29
1184,rb2210,SHFE,0_0_     2768965,     3410145,多,开,5073.0,2,2022-04-07 14:41:30
1185,rb2210,SHFE,0_0_     2773561,     3411966,多,平今,5074.0,1,2022-04-07 14:41:53
1186,rb2210,SHFE,0_0_     2774352,     3412016,空,平今,5075.0,1,2022-04-07 14:41:53
1187,rb2210,SHFE,0_0_     2774397,     3412131,多,平今,5074.0,1,2022-04-07 14:41:56
1188,rb2210,SHFE,0_0_     2774535,     3412309,空,开,5075.0,1,2022-04-07 14:41:59
1189,rb2210,SHFE,0_0_     2774535,     3412337,空,开,5075.0,1,2022-04-07 14:41:59
1190,rb2210,SHFE,0_0_     2774535,     3412338,空,开,5075.0,1,2022-04-07 14:41:59
1191,rb2210,SHFE,0_0_     2776864,     3415527,多,平今,5080.0,4,2022-04-07 14:42:21
1192,rb2210,SHFE,0_0_     2777799,     3418174,多,开,5082.0,1,2022-04-07 14:42:33
1193,rb2210,SHFE,0_0_     2777799,     3418195,多,开,5082.0,2,2022-04-07 14:42:33
1194,rb2210,SHFE,0_0_     2778672,     3419630,空,平今,5083.0,1,2022-04-07 14:42:41
1195,rb2210,SHFE,0_0_     2779203,     3420335,多,开,5083.0,3,2022-04-07 14:42:46
1196,rb2210,SHFE,0_0_     2779368,     3420712,空,平今,5084.0,5,2022-04-07 14:42:50
1197,rb2210,SHFE,0_0_     2779696,     3420836,多,开,5083.0,1,2022-04-07 14:42:52
1198,rb2210,SHFE,0_0_     2779785,     3420863,空,开,5084.0,3,2022-04-07 14:42:52
1199,rb2210,SHFE,0_0_     2779807,     3420876,多,平今,5083.0,1,2022-04-07 14:42:52
1200,rb2210,SHFE,0_0_     2779809,     3420945,空,平今,5084.0,1,2022-04-07 14:42:52
1201,rb2210,SHFE,0_0_     2779875,     3421078,多,平今,5083.0,1,2022-04-07 14:42:54
1202,rb2210,SHFE,0_0_     2779984,     3421275,空,开,5084.0,1,2022-04-07 14:42:56
1203,rb2210,SHFE,0_0_     2779984,     3421277,空,开,5084.0,1,2022-04-07 14:42:56
1204,rb2210,SHFE,0_0_     2779984,     3421278,空,开,5084.0,2,2022-04-07 14:42:56
1205,rb2210,SHFE,0_0_     2786330,     3433203,空,开,5089.0,1,2022-04-07 14:43:53
1206,rb2210,SHFE,0_0_     2786330,     3433205,空,开,5089.0,1,2022-04-07 14:43:53
1207,rb2210,SHFE,0_0_     2786330,     3433218,空,开,5089.0,1,2022-04-07 14:43:54
1208,rb2210,SHFE,0_0_     2789666,     3437471,多,平今,5088.0,1,2022-04-07 14:44:24
1209,rb2210,SHFE,0_0_     2789666,     3437473,多,平今,5088.0,1,2022-04-07 14:44:24
1210,rb2210,SHFE,0_0_     2789666,     3437477,多,平今,5088.0,1,2022-04-07 14:44:24
1211,rb2210,SHFE,0_0_     2789837,     3441293,空,平今,5089.0,1,2022-04-07 14:45:02
1212,rb2210,SHFE,0_0_     2793175,     3442147,空,平今,5088.0,1,2022-04-07 14:45:05
1213,rb2210,SHFE,0_0_     2793176,     3443658,多,平今,5087.0,1,2022-04-07 14:45:19
1214,rb2210,SHFE,0_0_     2797553,     3446647,多,平今,5086.000000000001,4,2022-04-07 14:45:41
1215,rb2210,SHFE,0_0_     2797938,     3447102,多,开,5087.0,4,2022-04-07 14:45:46
1216,rb2210,SHFE,0_0_     2798171,     3447434,空,平今,5087.0,4,2022-04-07 14:45:49
1217,rb2210,SHFE,0_0_     2794964,     3447449,空,开,5088.0,1,2022-04-07 14:45:49
1218,rb2210,SHFE,0_0_     2798180,     3447470,多,平今,5087.0,1,2022-04-07 14:45:49
1219,rb2210,SHFE,0_0_     2803403,     3453684,空,开,5086.0,2,2022-04-07 14:46:40
1220,rb2210,SHFE,0_0_     2803732,     3453939,多,开,5085.0,5,2022-04-07 14:46:42
1221,rb2210,SHFE,0_0_     2804779,     3455299,空,平今,5085.0,1,2022-04-07 14:46:55
1222,rb2210,SHFE,0_0_     2803954,     3455914,空,平今,5086.0,4,2022-04-07 14:46:59
1223,rb2210,SHFE,0_0_     2804950,     3457905,多,平今,5084.0,1,2022-04-07 14:47:14
1224,rb2210,SHFE,0_0_     2812993,     3465591,多,开,5081.0,1,2022-04-07 14:48:09
1225,rb2210,SHFE,0_0_     2812993,     3465592,多,开,5081.0,3,2022-04-07 14:48:09
1226,rb2210,SHFE,0_0_     2813441,     3474679,多,平今,5081.0,1,2022-04-07 14:49:30
1227,rb2210,SHFE,0_0_     2821019,     3474836,空,平今,5082.0,1,2022-04-07 14:49:32
1228,rb2210,SHFE,0_0_     2821402,     3475068,空,开,5082.0,1,2022-04-07 14:49:35
1229,rb2210,SHFE,0_0_     2821402,     3475097,空,开,5082.0,2,2022-04-07 14:49:36
1230,rb2210,SHFE,0_0_     2821402,     3475417,空,开,5082.0,1,2022-04-07 14:49:36
1231,rb2210,SHFE,0_0_     2828576,     3484964,空,平今,5075.0,1,2022-04-07 14:50:36
1232,rb2210,SHFE,0_0_     2828853,     3512241,多,平今,5073.000000000001,2,2022-04-07 14:53:48
1233,rb2210,SHFE,0_0_     2849850,     3512257,空,平今,5074.0,2,2022-04-07 14:53:48
1234,rb2210,SHFE,0_0_     2851008,     3522561,多,开,5074.0,4,2022-04-07 14:55:00
