,code,exchange,orderid,tradeid,direction,offset,price,volume,datetime
0,rb2210,SHFE,0_0_         512,       42058,多,平昨,5029.0,1,2022-04-12 21:00:24
1,rb2210,SHFE,0_0_         660,       42213,空,平昨,5030.0,1,2022-04-12 21:00:24
2,rb2210,SHFE,0_0_         661,       42416,多,平昨,5029.0,1,2022-04-12 21:00:24
3,rb2210,SHFE,0_0_         662,       43485,空,开,5030.0,1,2022-04-12 21:00:25
4,rb2210,SHFE,0_0_         693,       43832,多,平昨,5028.0,1,2022-04-12 21:00:25
5,rb2210,SHFE,0_0_         725,       44417,多,平昨,5029.0,4,2022-04-12 21:00:26
6,rb2210,SHFE,0_0_         759,       45384,多,开,5030.000000000001,3,2022-04-12 21:00:27
7,rb2210,SHFE,0_0_         777,       47202,多,开,5030.0,4,2022-04-12 21:00:29
8,rb2210,SHFE,0_0_         817,       47296,空,平今,5031.0,1,2022-04-12 21:00:29
9,rb2210,SHFE,0_0_         817,       47299,空,平今,5031.0,3,2022-04-12 21:00:29
10,rb2210,SHFE,0_0_         818,       47829,多,开,5030.0,2,2022-04-12 21:00:30
11,rb2210,SHFE,0_0_         818,       47831,多,开,5030.0,2,2022-04-12 21:00:30
12,rb2210,SHFE,0_0_        1774,       70921,空,开,5025.0,6,2022-04-12 21:01:01
13,rb2210,SHFE,0_0_        1803,       72113,多,平今,5023.0,4,2022-04-12 21:01:02
14,rb2210,SHFE,0_0_        1971,       75040,多,平今,5022.0,2,2022-04-12 21:01:07
15,rb2210,SHFE,0_0_        2050,       76337,空,开,5021.0,6,2022-04-12 21:01:09
16,rb2210,SHFE,0_0_        2099,       77246,多,平昨,5020.0,1,2022-04-12 21:01:10
17,rb2210,SHFE,0_0_        2142,       77492,空,平今,5021.0,1,2022-04-12 21:01:11
18,rb2210,SHFE,0_0_        2142,       77510,空,平今,5021.0,1,2022-04-12 21:01:11
19,rb2210,SHFE,0_0_        2172,       77517,多,平今,5020.0,2,2022-04-12 21:01:11
20,rb2210,SHFE,0_0_        2173,       79131,空,平今,5021.0,1,2022-04-12 21:01:14
21,rb2210,SHFE,0_0_        2173,       79752,空,平今,5021.0,1,2022-04-12 21:01:14
22,rb2210,SHFE,0_0_        2309,       79878,多,平今,5020.0,1,2022-04-12 21:01:15
23,rb2210,SHFE,0_0_        3030,      100958,多,平今,5021.0,4,2022-04-12 21:01:52
24,rb2210,SHFE,0_0_        3561,      101481,空,平今,5022.0,2,2022-04-12 21:01:54
25,rb2210,SHFE,0_0_        3561,      101488,空,平今,5022.0,1,2022-04-12 21:01:54
26,rb2210,SHFE,0_0_        3629,      102118,空,开,5021.0,4,2022-04-12 21:01:56
27,rb2210,SHFE,0_0_        3664,      102404,空,开,5021.0,2,2022-04-12 21:01:56
28,rb2210,SHFE,0_0_        3741,      103680,多,平今,5021.0,2,2022-04-12 21:01:59
29,rb2210,SHFE,0_0_        4739,      120277,多,平今,5017.0,4,2022-04-12 21:02:24
30,rb2210,SHFE,0_0_        4814,      122286,多,开,5017.0,1,2022-04-12 21:02:28
31,rb2210,SHFE,0_0_        3903,      124094,空,开,5019.0,3,2022-04-12 21:02:32
32,rb2210,SHFE,0_0_        5213,      127570,多,平今,5017.0,1,2022-04-12 21:02:39
33,rb2210,SHFE,0_0_        5467,      128474,多,开,5017.0,4,2022-04-12 21:02:41
34,rb2210,SHFE,0_0_        5554,      128510,空,平今,5018.0,1,2022-04-12 21:02:41
35,rb2210,SHFE,0_0_        5554,      128511,空,平今,5018.0,2,2022-04-12 21:02:41
36,rb2210,SHFE,0_0_        5068,      136233,空,开,5019.0,1,2022-04-12 21:03:00
37,rb2210,SHFE,0_0_        5068,      136236,空,开,5019.0,2,2022-04-12 21:03:00
38,rb2210,SHFE,0_0_        6774,      136723,多,平今,5018.0,3,2022-04-12 21:03:01
39,rb2210,SHFE,0_0_        6672,      137961,多,平今,5017.0,2,2022-04-12 21:03:03
40,rb2210,SHFE,0_0_        7381,      141677,空,平今,5015.0,1,2022-04-12 21:03:09
41,rb2210,SHFE,0_0_        7458,      142092,空,平今,5014.0,1,2022-04-12 21:03:10
42,rb2210,SHFE,0_0_        7576,      143242,多,开,5014.0,1,2022-04-12 21:03:12
43,rb2210,SHFE,0_0_        7576,      143255,多,开,5014.0,1,2022-04-12 21:03:12
44,rb2210,SHFE,0_0_        7576,      143259,多,开,5014.0,1,2022-04-12 21:03:12
45,rb2210,SHFE,0_0_        8178,      150797,多,开,5016.0,1,2022-04-12 21:03:29
46,rb2210,SHFE,0_0_        9193,      152214,多,开,5017.0,1,2022-04-12 21:03:33
47,rb2210,SHFE,0_0_        9404,      152997,空,平今,5018.0,3,2022-04-12 21:03:36
48,rb2210,SHFE,0_0_        9586,      153634,多,开,5017.0,3,2022-04-12 21:03:38
49,rb2210,SHFE,0_0_        9769,      153981,空,平今,5018.0,3,2022-04-12 21:03:40
50,rb2210,SHFE,0_0_       10606,      156831,空,开,5018.0,7,2022-04-12 21:03:48
51,rb2210,SHFE,0_0_       10573,      158020,空,平今,5019.000000000001,2,2022-04-12 21:03:52
52,rb2210,SHFE,0_0_       10881,      158773,多,平今,5018.0,3,2022-04-12 21:03:54
53,rb2210,SHFE,0_0_        9840,      161846,多,开,5017.0,3,2022-04-12 21:04:03
54,rb2210,SHFE,0_0_       12080,      162339,空,开,5017.0,1,2022-04-12 21:04:04
55,rb2210,SHFE,0_0_       13140,      165717,多,平今,5017.0,2,2022-04-12 21:04:13
56,rb2210,SHFE,0_0_       13318,      165898,空,开,5017.0,2,2022-04-12 21:04:14
57,rb2210,SHFE,0_0_       13370,      166224,空,开,5017.0,2,2022-04-12 21:04:15
58,rb2210,SHFE,0_0_       13433,      166645,多,平今,5016.0,2,2022-04-12 21:04:16
59,rb2210,SHFE,0_0_       13628,      167051,空,开,5017.0,1,2022-04-12 21:04:17
60,rb2210,SHFE,0_0_       13729,      167255,多,平今,5016.0,4,2022-04-12 21:04:18
61,rb2210,SHFE,0_0_       13777,      167875,空,开,5017.0,4,2022-04-12 21:04:20
62,rb2210,SHFE,0_0_       13936,      167942,多,平今,5016.0,1,2022-04-12 21:04:20
63,rb2210,SHFE,0_0_       13936,      167946,多,平今,5016.0,1,2022-04-12 21:04:20
64,rb2210,SHFE,0_0_       13936,      167968,多,平今,5016.0,1,2022-04-12 21:04:20
65,rb2210,SHFE,0_0_       13936,      167978,多,平今,5016.0,1,2022-04-12 21:04:20
66,rb2210,SHFE,0_0_       16019,      174330,空,开,5014.0,1,2022-04-12 21:04:43
67,rb2210,SHFE,0_0_       16350,      182824,多,平今,5014.0,1,2022-04-12 21:05:06
68,rb2210,SHFE,0_0_       19999,      183041,空,开,5015.0,1,2022-04-12 21:05:07
69,rb2210,SHFE,0_0_       20070,      183103,多,开,5014.0,3,2022-04-12 21:05:07
70,rb2210,SHFE,0_0_       20070,      183162,多,开,5014.0,1,2022-04-12 21:05:07
71,rb2210,SHFE,0_0_       20171,      183466,空,平今,5014.0,4,2022-04-12 21:05:08
72,rb2210,SHFE,0_0_       20675,      184542,空,开,5013.0,2,2022-04-12 21:05:10
73,rb2210,SHFE,0_0_       20286,      184566,空,开,5014.0,1,2022-04-12 21:05:10
74,rb2210,SHFE,0_0_       20795,      184897,空,开,5014.0,1,2022-04-12 21:05:10
75,rb2210,SHFE,0_0_       22948,      189994,空,开,5014.0,1,2022-04-12 21:05:21
76,rb2210,SHFE,0_0_       24017,      192135,多,平今,5013.000000000001,1,2022-04-12 21:05:28
77,rb2210,SHFE,0_0_       24066,      192268,空,开,5014.0,1,2022-04-12 21:05:29
78,rb2210,SHFE,0_0_       27737,      200886,多,平今,5014.0,4,2022-04-12 21:05:52
79,rb2210,SHFE,0_0_       28456,      201527,空,开,5015.0,4,2022-04-12 21:05:54
80,rb2210,SHFE,0_0_       12007,      203094,空,平今,5018.0,3,2022-04-12 21:05:58
81,rb2210,SHFE,0_0_       30105,      203183,多,平今,5017.0,3,2022-04-12 21:05:59
82,rb2210,SHFE,0_0_       30221,      203354,空,开,5017.0,2,2022-04-12 21:05:59
83,rb2210,SHFE,0_0_       30408,      203888,多,开,5016.0,3,2022-04-12 21:06:00
84,rb2210,SHFE,0_0_       30408,      203889,多,开,5016.0,1,2022-04-12 21:06:00
85,rb2210,SHFE,0_0_       30523,      204155,空,平今,5016.0,1,2022-04-12 21:06:01
86,rb2210,SHFE,0_0_       30523,      204187,空,平今,5016.0,1,2022-04-12 21:06:01
87,rb2210,SHFE,0_0_       31583,      206919,多,开,5017.0,4,2022-04-12 21:06:07
88,rb2210,SHFE,0_0_       31833,      207528,多,平今,5017.0,2,2022-04-12 21:06:09
89,rb2210,SHFE,0_0_       31918,      209143,空,平今,5017.0,4,2022-04-12 21:06:14
90,rb2210,SHFE,0_0_       32813,      209355,多,开,5016.0,4,2022-04-12 21:06:14
91,rb2210,SHFE,0_0_       32935,      209637,空,平今,5017.0,4,2022-04-12 21:06:15
92,rb2210,SHFE,0_0_       33126,      210022,多,开,5016.0,1,2022-04-12 21:06:16
93,rb2210,SHFE,0_0_       33126,      210040,多,开,5016.0,1,2022-04-12 21:06:16
94,rb2210,SHFE,0_0_       33126,      210180,多,开,5016.0,2,2022-04-12 21:06:17
95,rb2210,SHFE,0_0_       33789,      217202,空,平今,5017.0,1,2022-04-12 21:06:44
96,rb2210,SHFE,0_0_       33789,      217206,空,平今,5017.0,1,2022-04-12 21:06:44
97,rb2210,SHFE,0_0_       39059,      218188,多,开,5017.0,1,2022-04-12 21:06:47
98,rb2210,SHFE,0_0_       39059,      218195,多,开,5017.0,3,2022-04-12 21:06:47
99,rb2210,SHFE,0_0_       40663,      219454,空,平今,5018.0,2,2022-04-12 21:06:52
100,rb2210,SHFE,0_0_       40663,      219457,空,平今,5018.0,2,2022-04-12 21:06:52
101,rb2210,SHFE,0_0_       41679,      221472,空,平今,5018.0,1,2022-04-12 21:06:58
102,rb2210,SHFE,0_0_       41936,      222578,空,平今,5018.0,2,2022-04-12 21:07:00
103,rb2210,SHFE,0_0_       42798,      223765,多,开,5018.0,4,2022-04-12 21:07:03
104,rb2210,SHFE,0_0_       44935,      226608,空,平今,5019.000000000001,2,2022-04-12 21:07:09
105,rb2210,SHFE,0_0_       45978,      229241,多,开,5019.000000000001,1,2022-04-12 21:07:16
106,rb2210,SHFE,0_0_       46517,      229245,空,平今,5020.0,1,2022-04-12 21:07:16
107,rb2210,SHFE,0_0_       46518,      230027,多,开,5019.0,1,2022-04-12 21:07:18
108,rb2210,SHFE,0_0_       46833,      231946,空,平今,5020.0,1,2022-04-12 21:07:22
109,rb2210,SHFE,0_0_       48216,      232823,多,开,5020.0,1,2022-04-12 21:07:24
110,rb2210,SHFE,0_0_       50471,      239348,空,平今,5021.0,3,2022-04-12 21:07:37
111,rb2210,SHFE,0_0_       50471,      239385,空,平今,5021.0,1,2022-04-12 21:07:37
112,rb2210,SHFE,0_0_       51592,      241848,多,开,5020.0,2,2022-04-12 21:07:44
113,rb2210,SHFE,0_0_       52109,      242738,多,开,5020.0,1,2022-04-12 21:07:46
114,rb2210,SHFE,0_0_       52761,      243081,多,开,5020.0,2,2022-04-12 21:07:47
115,rb2210,SHFE,0_0_       43639,      244808,多,开,5018.0,3,2022-04-12 21:07:52
116,rb2210,SHFE,0_0_       53733,      249616,空,平今,5020.0,1,2022-04-12 21:08:06
117,rb2210,SHFE,0_0_       52827,      254147,空,平今,5021.0,4,2022-04-12 21:08:17
118,rb2210,SHFE,0_0_       59132,      254484,多,开,5020.0,3,2022-04-12 21:08:17
119,rb2210,SHFE,0_0_       60209,      256967,多,开,5020.0,1,2022-04-12 21:08:23
120,rb2210,SHFE,0_0_       60823,      258944,空,平今,5021.0,1,2022-04-12 21:08:31
121,rb2210,SHFE,0_0_       63187,      261368,空,平今,5022.0,3,2022-04-12 21:08:39
122,rb2210,SHFE,0_0_       63187,      261370,空,平今,5022.0,1,2022-04-12 21:08:39
123,rb2210,SHFE,0_0_       64073,      262565,空,平今,5022.0,2,2022-04-12 21:08:43
124,rb2210,SHFE,0_0_       64743,      263460,空,开,5022.0,1,2022-04-12 21:08:46
125,rb2210,SHFE,0_0_       66557,      268768,多,平今,5022.0,1,2022-04-12 21:08:58
126,rb2210,SHFE,0_0_       67795,      271380,空,开,5023.0,1,2022-04-12 21:09:03
127,rb2210,SHFE,0_0_       70327,      274112,空,开,5023.0,1,2022-04-12 21:09:10
128,rb2210,SHFE,0_0_       72942,      279313,多,开,5025.0,2,2022-04-12 21:09:22
129,rb2210,SHFE,0_0_       72777,      279415,多,平今,5024.0,3,2022-04-12 21:09:22
130,rb2210,SHFE,0_0_       74130,      281782,多,平今,5025.0,1,2022-04-12 21:09:27
131,rb2210,SHFE,0_0_       94054,      314368,空,开,5026.0,2,2022-04-12 21:11:00
132,rb2210,SHFE,0_0_       94054,      314375,空,开,5026.0,1,2022-04-12 21:11:00
133,rb2210,SHFE,0_0_       94054,      314384,空,开,5026.0,1,2022-04-12 21:11:00
134,rb2210,SHFE,0_0_       69389,      321757,多,平今,5022.0,2,2022-04-12 21:11:20
135,rb2210,SHFE,0_0_       98904,      322788,空,开,5023.0,3,2022-04-12 21:11:23
136,rb2210,SHFE,0_0_      100518,      324655,多,平今,5023.0,2,2022-04-12 21:11:29
137,rb2210,SHFE,0_0_      100518,      324725,多,平今,5023.0,1,2022-04-12 21:11:30
138,rb2210,SHFE,0_0_      100518,      324726,多,平今,5023.0,1,2022-04-12 21:11:30
139,rb2210,SHFE,0_0_      102489,      327488,空,平今,5023.0,1,2022-04-12 21:11:39
140,rb2210,SHFE,0_0_       63519,      331193,多,开,5021.0,4,2022-04-12 21:11:49
141,rb2210,SHFE,0_0_      109946,      340076,空,平今,5022.0,1,2022-04-12 21:12:18
142,rb2210,SHFE,0_0_      111409,      340636,多,平今,5021.000000000001,1,2022-04-12 21:12:21
143,rb2210,SHFE,0_0_       57911,      343696,多,开,5018.0,1,2022-04-12 21:12:35
144,rb2210,SHFE,0_0_      115146,      345544,多,平今,5018.0,1,2022-04-12 21:12:43
145,rb2210,SHFE,0_0_      115399,      347994,空,平今,5019.0,1,2022-04-12 21:12:54
146,rb2210,SHFE,0_0_      115399,      348045,空,平今,5019.0,1,2022-04-12 21:12:55
147,rb2210,SHFE,0_0_      124208,      357949,多,平今,5017.0,1,2022-04-12 21:13:35
148,rb2210,SHFE,0_0_      124208,      357960,多,平今,5017.0,1,2022-04-12 21:13:35
149,rb2210,SHFE,0_0_      132495,      368168,空,开,5019.0,4,2022-04-12 21:14:17
150,rb2210,SHFE,0_0_      146419,      386134,空,开,5012.0,3,2022-04-12 21:15:27
151,rb2210,SHFE,0_0_      146419,      386137,空,开,5012.0,1,2022-04-12 21:15:27
152,rb2210,SHFE,0_0_      146560,      389005,多,平今,5011.0,5,2022-04-12 21:15:38
153,rb2210,SHFE,0_0_      149024,      389091,空,开,5012.0,5,2022-04-12 21:15:38
154,rb2210,SHFE,0_0_      152373,      393676,多,平今,5011.0,3,2022-04-12 21:15:55
155,rb2210,SHFE,0_0_      152425,      393754,多,平今,5011.0,3,2022-04-12 21:15:55
156,rb2210,SHFE,0_0_      152808,      394211,多,平今,5011.0,1,2022-04-12 21:15:57
157,rb2210,SHFE,0_0_      152925,      394261,多,开,5011.0,3,2022-04-12 21:15:58
158,rb2210,SHFE,0_0_      153529,      395047,空,开,5011.0,4,2022-04-12 21:16:01
159,rb2210,SHFE,0_0_      153605,      395519,多,平今,5011.000000000001,1,2022-04-12 21:16:02
160,rb2210,SHFE,0_0_      153817,      396397,空,平今,5012.0,1,2022-04-12 21:16:04
161,rb2210,SHFE,0_0_      160022,      403525,多,平今,5013.0,2,2022-04-12 21:16:37
162,rb2210,SHFE,0_0_      160871,      404094,空,平今,5012.0,2,2022-04-12 21:16:38
163,rb2210,SHFE,0_0_      160871,      404132,空,平今,5012.0,1,2022-04-12 21:16:39
164,rb2210,SHFE,0_0_      160871,      404191,空,平今,5012.0,1,2022-04-12 21:16:39
165,rb2210,SHFE,0_0_      154571,      404531,多,平今,5011.0,2,2022-04-12 21:16:40
166,rb2210,SHFE,0_0_      161422,      405617,空,开,5012.0,2,2022-04-12 21:16:45
167,rb2210,SHFE,0_0_      161617,      405621,空,开,5012.0,1,2022-04-12 21:16:45
168,rb2210,SHFE,0_0_      168195,      415069,多,开,5013.0,1,2022-04-12 21:17:21
169,rb2210,SHFE,0_0_      162252,      415370,多,开,5012.0,3,2022-04-12 21:17:22
170,rb2210,SHFE,0_0_      168546,      415405,空,平今,5013.0,3,2022-04-12 21:17:22
171,rb2210,SHFE,0_0_      168589,      415923,空,开,5013.0,1,2022-04-12 21:17:25
172,rb2210,SHFE,0_0_      168589,      415927,空,开,5013.0,3,2022-04-12 21:17:25
173,rb2210,SHFE,0_0_      161993,      420061,多,平今,5011.0,3,2022-04-12 21:17:51
174,rb2210,SHFE,0_0_      172655,      420558,空,平今,5011.0,1,2022-04-12 21:17:53
175,rb2210,SHFE,0_0_      172994,      421077,多,平今,5010.0,1,2022-04-12 21:17:57
176,rb2210,SHFE,0_0_      172553,      422493,空,开,5012.0,1,2022-04-12 21:18:03
177,rb2210,SHFE,0_0_      172553,      422494,空,开,5012.0,1,2022-04-12 21:18:03
178,rb2210,SHFE,0_0_      172553,      422495,空,开,5012.0,1,2022-04-12 21:18:03
179,rb2210,SHFE,0_0_      173196,      422783,空,开,5012.0,2,2022-04-12 21:18:05
180,rb2210,SHFE,0_0_      174307,      428262,多,平今,5011.0,2,2022-04-12 21:18:30
181,rb2210,SHFE,0_0_      180619,      431044,多,平今,5011.0,1,2022-04-12 21:18:42
182,rb2210,SHFE,0_0_      182302,      434178,多,开,5009.0,4,2022-04-12 21:18:54
183,rb2210,SHFE,0_0_      182302,      434201,多,开,5009.0,1,2022-04-12 21:18:54
184,rb2210,SHFE,0_0_      182302,      434222,多,开,5009.0,1,2022-04-12 21:18:54
185,rb2210,SHFE,0_0_      182302,      434254,多,开,5009.0,1,2022-04-12 21:18:54
186,rb2210,SHFE,0_0_      180997,      434771,空,开,5011.0,1,2022-04-12 21:18:57
187,rb2210,SHFE,0_0_      185543,      438853,空,平今,5011.0,1,2022-04-12 21:19:13
188,rb2210,SHFE,0_0_      178212,      439494,空,开,5012.0,2,2022-04-12 21:19:16
189,rb2210,SHFE,0_0_      189190,      442978,空,平今,5012.0,3,2022-04-12 21:19:33
190,rb2210,SHFE,0_0_      186866,      445068,多,平今,5011.0,1,2022-04-12 21:19:45
191,rb2210,SHFE,0_0_      196843,      454716,多,平今,5009.0,1,2022-04-12 21:20:20
192,rb2210,SHFE,0_0_      199389,      457970,多,平今,5011.0,1,2022-04-12 21:20:30
193,rb2210,SHFE,0_0_      199389,      457972,多,平今,5011.0,1,2022-04-12 21:20:30
194,rb2210,SHFE,0_0_      191917,      458337,空,平今,5012.0,2,2022-04-12 21:20:31
195,rb2210,SHFE,0_0_      200818,      460010,多,开,5012.0,1,2022-04-12 21:20:39
196,rb2210,SHFE,0_0_      199825,      467708,多,开,5011.0,1,2022-04-12 21:21:11
197,rb2210,SHFE,0_0_      199825,      467845,多,开,5011.0,1,2022-04-12 21:21:12
198,rb2210,SHFE,0_0_      199825,      467902,多,开,5011.0,1,2022-04-12 21:21:13
199,rb2210,SHFE,0_0_      199825,      467912,多,开,5011.0,2,2022-04-12 21:21:13
200,rb2210,SHFE,0_0_      207388,      469631,空,平今,5012.0,4,2022-04-12 21:21:24
201,rb2210,SHFE,0_0_      216311,      479779,多,开,5013.0,1,2022-04-12 21:22:15
202,rb2210,SHFE,0_0_      209306,      482972,多,开,5011.0,1,2022-04-12 21:22:35
203,rb2210,SHFE,0_0_      181973,      487957,多,平今,5008.0,4,2022-04-12 21:22:59
204,rb2210,SHFE,0_0_      224055,      488374,空,开,5009.0,1,2022-04-12 21:23:02
205,rb2210,SHFE,0_0_      224055,      488375,空,开,5009.0,1,2022-04-12 21:23:02
206,rb2210,SHFE,0_0_      224055,      488376,空,开,5009.0,2,2022-04-12 21:23:02
207,rb2210,SHFE,0_0_      224055,      488377,空,开,5009.0,3,2022-04-12 21:23:02
208,rb2210,SHFE,0_0_      235795,      512519,多,平今,5013.0,4,2022-04-12 21:25:02
209,rb2210,SHFE,0_0_      242748,      513453,空,平今,5014.0,4,2022-04-12 21:25:06
210,rb2210,SHFE,0_0_      247013,      518479,多,开,5013.0,1,2022-04-12 21:25:29
211,rb2210,SHFE,0_0_      247013,      518634,多,开,5013.0,1,2022-04-12 21:25:29
212,rb2210,SHFE,0_0_      247013,      518861,多,开,5013.0,1,2022-04-12 21:25:30
213,rb2210,SHFE,0_0_      247013,      518876,多,开,5013.0,1,2022-04-12 21:25:30
214,rb2210,SHFE,0_0_      247013,      522795,多,开,5013.0,1,2022-04-12 21:25:45
215,rb2210,SHFE,0_0_      252267,      525725,空,开,5013.0,4,2022-04-12 21:26:02
216,rb2210,SHFE,0_0_      249998,      526851,空,平今,5014.0,4,2022-04-12 21:26:11
217,rb2210,SHFE,0_0_      254377,      526938,多,平今,5013.0,2,2022-04-12 21:26:12
218,rb2210,SHFE,0_0_      255579,      528632,多,平今,5013.0,1,2022-04-12 21:26:26
219,rb2210,SHFE,0_0_      258855,      531794,多,平今,5013.0,1,2022-04-12 21:26:50
220,rb2210,SHFE,0_0_      254445,      532032,多,开,5012.0,3,2022-04-12 21:26:52
221,rb2210,SHFE,0_0_      259133,      537098,空,平今,5014.0,1,2022-04-12 21:27:24
222,rb2210,SHFE,0_0_      259212,      537167,空,平今,5014.0,4,2022-04-12 21:27:25
223,rb2210,SHFE,0_0_      273659,      549261,空,开,5014.0,4,2022-04-12 21:28:36
224,rb2210,SHFE,0_0_      263432,      550282,多,开,5013.0,1,2022-04-12 21:28:42
225,rb2210,SHFE,0_0_      263432,      550316,多,开,5013.0,1,2022-04-12 21:28:42
226,rb2210,SHFE,0_0_      263432,      550359,多,开,5013.0,1,2022-04-12 21:28:43
227,rb2210,SHFE,0_0_      263432,      550554,多,开,5013.0,1,2022-04-12 21:28:43
228,rb2210,SHFE,0_0_      275078,      552377,空,平今,5014.0,1,2022-04-12 21:28:51
229,rb2210,SHFE,0_0_      285731,      563572,多,平今,5014.0,2,2022-04-12 21:29:52
230,rb2210,SHFE,0_0_      286472,      564422,多,开,5014.0,2,2022-04-12 21:29:57
231,rb2210,SHFE,0_0_      287438,      566227,空,平今,5014.0,2,2022-04-12 21:30:01
232,rb2210,SHFE,0_0_      287757,      567113,多,开,5014.0,1,2022-04-12 21:30:03
233,rb2210,SHFE,0_0_      276539,      576186,多,平今,5013.0,2,2022-04-12 21:30:42
234,rb2210,SHFE,0_0_      295493,      580347,空,平今,5014.0,2,2022-04-12 21:31:03
235,rb2210,SHFE,0_0_      295493,      580410,空,平今,5014.0,1,2022-04-12 21:31:04
236,rb2210,SHFE,0_0_      308819,      592795,空,平今,5006.0,2,2022-04-12 21:32:07
237,rb2210,SHFE,0_0_      308407,      593914,空,开,5008.0,5,2022-04-12 21:32:09
238,rb2210,SHFE,0_0_      309834,      594303,多,平今,5008.0,4,2022-04-12 21:32:11
239,rb2210,SHFE,0_0_      326368,      613073,多,开,5013.0,4,2022-04-12 21:33:40
240,rb2210,SHFE,0_0_      327576,      615092,多,开,5013.0,1,2022-04-12 21:33:54
241,rb2210,SHFE,0_0_      327576,      615434,多,开,5013.0,1,2022-04-12 21:33:54
242,rb2210,SHFE,0_0_      334385,      621293,空,平今,5014.0,1,2022-04-12 21:34:25
243,rb2210,SHFE,0_0_      340473,      626849,空,平今,5012.0,1,2022-04-12 21:35:03
244,rb2210,SHFE,0_0_      341221,      628515,空,平今,5012.0,4,2022-04-12 21:35:10
245,rb2210,SHFE,0_0_      351958,      638348,多,开,5012.0,2,2022-04-12 21:36:03
246,rb2210,SHFE,0_0_      351958,      638349,多,开,5012.0,2,2022-04-12 21:36:03
247,rb2210,SHFE,0_0_      309468,      647189,多,平今,5007.0,4,2022-04-12 21:37:10
248,rb2210,SHFE,0_0_      370695,      660289,空,开,5006.0,4,2022-04-12 21:38:32
249,rb2210,SHFE,0_0_      370695,      660332,空,开,5006.0,1,2022-04-12 21:38:32
250,rb2210,SHFE,0_0_      370695,      660383,空,开,5006.0,1,2022-04-12 21:38:32
251,rb2210,SHFE,0_0_      370695,      660388,空,开,5006.0,1,2022-04-12 21:38:32
252,rb2210,SHFE,0_0_      376989,      666762,多,平今,5002.0,4,2022-04-12 21:39:00
253,rb2210,SHFE,0_0_      377603,      667079,空,开,5003.0,2,2022-04-12 21:39:02
254,rb2210,SHFE,0_0_      377603,      667083,空,开,5003.0,3,2022-04-12 21:39:02
255,rb2210,SHFE,0_0_      378333,      667584,多,平今,5003.0,3,2022-04-12 21:39:04
256,rb2210,SHFE,0_0_      377958,      667802,多,平今,5002.0,4,2022-04-12 21:39:06
257,rb2210,SHFE,0_0_      378599,      669698,空,开,5003.0,4,2022-04-12 21:39:15
258,rb2210,SHFE,0_0_      379880,      669754,多,平今,5002.000000000001,1,2022-04-12 21:39:15
259,rb2210,SHFE,0_0_      379880,      669757,多,平今,5002.0,3,2022-04-12 21:39:15
260,rb2210,SHFE,0_0_      380293,      670375,空,平今,5002.0,2,2022-04-12 21:39:17
261,rb2210,SHFE,0_0_      381329,      672137,空,开,5001.0,3,2022-04-12 21:39:23
262,rb2210,SHFE,0_0_      382453,      674066,多,平今,5001.0,1,2022-04-12 21:39:31
263,rb2210,SHFE,0_0_      383014,      674274,空,开,5002.0,1,2022-04-12 21:39:32
264,rb2210,SHFE,0_0_      383111,      674604,多,平今,5001.000000000001,3,2022-04-12 21:39:34
265,rb2210,SHFE,0_0_      383389,      674797,多,开,5001.000000000001,2,2022-04-12 21:39:36
266,rb2210,SHFE,0_0_      389309,      682655,空,平今,5000.0,1,2022-04-12 21:40:18
267,rb2210,SHFE,0_0_      389309,      682663,空,平今,5000.0,1,2022-04-12 21:40:18
268,rb2210,SHFE,0_0_      389835,      683301,空,开,4998.0,4,2022-04-12 21:40:20
269,rb2210,SHFE,0_0_      394227,      689905,多,平今,4997.0,1,2022-04-12 21:40:46
270,rb2210,SHFE,0_0_      394227,      689911,多,平今,4997.0,2,2022-04-12 21:40:46
271,rb2210,SHFE,0_0_      395862,      691491,空,开,4997.0,2,2022-04-12 21:41:00
272,rb2210,SHFE,0_0_      395862,      691493,空,开,4997.0,1,2022-04-12 21:41:00
273,rb2210,SHFE,0_0_      398577,      696437,多,平今,4998.0,1,2022-04-12 21:41:21
274,rb2210,SHFE,0_0_      400717,      699854,多,平今,5000.0,1,2022-04-12 21:41:32
275,rb2210,SHFE,0_0_      401796,      701342,多,平今,5000.0,1,2022-04-12 21:41:42
276,rb2210,SHFE,0_0_      404400,      703908,空,开,5000.0,1,2022-04-12 21:41:58
277,rb2210,SHFE,0_0_      404400,      703910,空,开,5000.0,1,2022-04-12 21:41:58
278,rb2210,SHFE,0_0_      404400,      703931,空,开,5000.0,1,2022-04-12 21:41:58
279,rb2210,SHFE,0_0_      406569,      707512,空,平今,4998.0,1,2022-04-12 21:42:19
280,rb2210,SHFE,0_0_      412461,      713049,多,平今,5000.0,3,2022-04-12 21:43:01
281,rb2210,SHFE,0_0_      411404,      714130,多,平今,4999.0,2,2022-04-12 21:43:08
282,rb2210,SHFE,0_0_      422576,      722326,空,开,4999.0,2,2022-04-12 21:44:10
283,rb2210,SHFE,0_0_      423494,      724252,多,开,4999.000000000001,1,2022-04-12 21:44:22
284,rb2210,SHFE,0_0_      423494,      724255,多,开,4999.000000000001,6,2022-04-12 21:44:22
285,rb2210,SHFE,0_0_      428635,      732224,空,平今,4996.0,3,2022-04-12 21:45:01
286,rb2210,SHFE,0_0_      434029,      738638,多,平今,4995.0,1,2022-04-12 21:45:28
287,rb2210,SHFE,0_0_      434485,      739606,多,开,4995.0,1,2022-04-12 21:45:32
288,rb2210,SHFE,0_0_      434485,      739607,多,开,4995.0,1,2022-04-12 21:45:32
289,rb2210,SHFE,0_0_      436417,      741771,多,平今,4995.0,1,2022-04-12 21:45:43
290,rb2210,SHFE,0_0_      436817,      742019,多,开,4995.0,1,2022-04-12 21:45:45
291,rb2210,SHFE,0_0_      438866,      744187,空,平今,4995.0,5,2022-04-12 21:46:00
292,rb2210,SHFE,0_0_      439859,      747334,空,开,4993.0,5,2022-04-12 21:46:07
293,rb2210,SHFE,0_0_      441202,      750823,多,平今,4990.0,1,2022-04-12 21:46:11
294,rb2210,SHFE,0_0_      441202,      750824,多,平今,4990.0,3,2022-04-12 21:46:11
295,rb2210,SHFE,0_0_      441306,      751419,空,开,4991.0,4,2022-04-12 21:46:13
296,rb2210,SHFE,0_0_      441711,      751806,多,平今,4990.0,4,2022-04-12 21:46:13
297,rb2210,SHFE,0_0_      441889,      751837,空,开,4991.0,1,2022-04-12 21:46:13
298,rb2210,SHFE,0_0_      441889,      751840,空,开,4991.0,3,2022-04-12 21:46:13
299,rb2210,SHFE,0_0_      441890,      752302,多,平今,4990.0,3,2022-04-12 21:46:14
300,rb2210,SHFE,0_0_      441890,      752304,多,平今,4990.0,1,2022-04-12 21:46:14
301,rb2210,SHFE,0_0_      442171,      752353,空,开,4991.0,4,2022-04-12 21:46:15
302,rb2210,SHFE,0_0_      442186,      755287,多,平今,4990.0,3,2022-04-12 21:46:28
303,rb2210,SHFE,0_0_      442186,      755340,多,平今,4990.0,1,2022-04-12 21:46:28
304,rb2210,SHFE,0_0_      445253,      756322,空,开,4992.0,1,2022-04-12 21:46:32
305,rb2210,SHFE,0_0_      445253,      756347,空,开,4992.0,3,2022-04-12 21:46:32
306,rb2210,SHFE,0_0_      446172,      757683,多,平今,4990.0,4,2022-04-12 21:46:37
307,rb2210,SHFE,0_0_      446195,      757745,空,开,4991.0,4,2022-04-12 21:46:37
308,rb2210,SHFE,0_0_      446206,      758982,多,平今,4990.0,4,2022-04-12 21:46:43
309,rb2210,SHFE,0_0_      453817,      768611,多,开,4992.0,4,2022-04-12 21:47:32
310,rb2210,SHFE,0_0_      454666,      769188,空,平今,4993.0,4,2022-04-12 21:47:37
311,rb2210,SHFE,0_0_      457376,      772333,空,开,4995.000000000001,3,2022-04-12 21:47:58
312,rb2210,SHFE,0_0_      459875,      776289,多,平今,4997.0,1,2022-04-12 21:48:16
313,rb2210,SHFE,0_0_      457491,      781430,多,平今,4994.0,3,2022-04-12 21:48:55
314,rb2210,SHFE,0_0_      467621,      785686,空,开,4997.0,1,2022-04-12 21:49:24
315,rb2210,SHFE,0_0_      467621,      785687,空,开,4997.0,1,2022-04-12 21:49:24
316,rb2210,SHFE,0_0_      459950,      786656,空,平今,4998.0,1,2022-04-12 21:49:31
317,rb2210,SHFE,0_0_      468759,      786826,多,开,4997.0,1,2022-04-12 21:49:32
318,rb2210,SHFE,0_0_      468868,      786961,空,开,4998.0,4,2022-04-12 21:49:33
319,rb2210,SHFE,0_0_      425154,      787069,空,平今,4999.0,1,2022-04-12 21:49:33
320,rb2210,SHFE,0_0_      469164,      787116,多,平今,4997.0,2,2022-04-12 21:49:34
321,rb2210,SHFE,0_0_      469164,      787124,多,平今,4997.0,1,2022-04-12 21:49:34
322,rb2210,SHFE,0_0_      469164,      787153,多,平今,4997.0,1,2022-04-12 21:49:34
323,rb2210,SHFE,0_0_      469229,      787172,多,开,4997.0,4,2022-04-12 21:49:34
324,rb2210,SHFE,0_0_      469258,      787325,空,平今,4998.0,1,2022-04-12 21:49:36
325,rb2210,SHFE,0_0_      469258,      787326,空,平今,4998.0,1,2022-04-12 21:49:36
326,rb2210,SHFE,0_0_      469258,      787331,空,平今,4998.0,3,2022-04-12 21:49:36
327,rb2210,SHFE,0_0_      469261,      787346,空,开,4998.0,4,2022-04-12 21:49:36
328,rb2210,SHFE,0_0_      469361,      787353,多,平今,4997.0,1,2022-04-12 21:49:36
329,rb2210,SHFE,0_0_      467898,      787777,多,平今,4996.0,2,2022-04-12 21:49:41
330,rb2210,SHFE,0_0_      469619,      788154,空,开,4996.0,1,2022-04-12 21:49:42
331,rb2210,SHFE,0_0_      469619,      788157,空,开,4996.0,1,2022-04-12 21:49:42
332,rb2210,SHFE,0_0_      474696,      794860,多,平今,4996.0,2,2022-04-12 21:50:41
333,rb2210,SHFE,0_0_      474022,      795188,多,平今,4995.0,2,2022-04-12 21:50:43
334,rb2210,SHFE,0_0_      477299,      796454,多,开,4994.0,4,2022-04-12 21:50:52
335,rb2210,SHFE,0_0_      479593,      799757,空,平今,4997.0,3,2022-04-12 21:51:10
336,rb2210,SHFE,0_0_      481656,      801658,空,平今,4995.0,1,2022-04-12 21:51:24
337,rb2210,SHFE,0_0_      481656,      801659,空,平今,4995.0,1,2022-04-12 21:51:24
338,rb2210,SHFE,0_0_      477607,      801790,多,开,4994.000000000001,2,2022-04-12 21:51:26
339,rb2210,SHFE,0_0_      481930,      801944,多,开,4994.0,4,2022-04-12 21:51:27
340,rb2210,SHFE,0_0_      482069,      802267,空,平今,4994.0,4,2022-04-12 21:51:29
341,rb2210,SHFE,0_0_      482638,      802804,多,平今,4994.0,1,2022-04-12 21:51:35
342,rb2210,SHFE,0_0_      482173,      802856,多,开,4993.000000000001,6,2022-04-12 21:51:35
343,rb2210,SHFE,0_0_      482682,      804729,空,平今,4994.0,1,2022-04-12 21:51:43
344,rb2210,SHFE,0_0_      482682,      804730,空,平今,4994.0,1,2022-04-12 21:51:43
345,rb2210,SHFE,0_0_      482682,      804732,空,平今,4994.0,1,2022-04-12 21:51:43
346,rb2210,SHFE,0_0_      482682,      804733,空,平今,4994.0,1,2022-04-12 21:51:43
347,rb2210,SHFE,0_0_      482682,      804734,空,平今,4994.0,1,2022-04-12 21:51:43
348,rb2210,SHFE,0_0_      482682,      804736,空,平今,4994.0,1,2022-04-12 21:51:43
349,rb2210,SHFE,0_0_      483693,      805044,多,开,4993.0,1,2022-04-12 21:51:46
350,rb2210,SHFE,0_0_      484147,      805873,多,开,4993.0,1,2022-04-12 21:51:54
351,rb2210,SHFE,0_0_      485516,      807493,多,开,4992.0,4,2022-04-12 21:52:02
352,rb2210,SHFE,0_0_      486336,      808588,空,平今,4993.0,2,2022-04-12 21:52:06
353,rb2210,SHFE,0_0_      488345,      811172,空,平今,4993.0,1,2022-04-12 21:52:21
354,rb2210,SHFE,0_0_      488345,      811173,空,平今,4993.0,1,2022-04-12 21:52:21
355,rb2210,SHFE,0_0_      488345,      811220,空,平今,4993.0,1,2022-04-12 21:52:22
356,rb2210,SHFE,0_0_      488345,      811221,空,平今,4993.0,1,2022-04-12 21:52:22
357,rb2210,SHFE,0_0_      489013,      811876,空,开,4992.0,1,2022-04-12 21:52:26
358,rb2210,SHFE,0_0_      489013,      811877,空,开,4992.0,2,2022-04-12 21:52:26
359,rb2210,SHFE,0_0_      491474,      816010,多,平今,4992.0,2,2022-04-12 21:52:52
360,rb2210,SHFE,0_0_      493031,      816979,空,开,4991.0,1,2022-04-12 21:52:59
361,rb2210,SHFE,0_0_      493031,      816981,空,开,4991.0,1,2022-04-12 21:52:59
362,rb2210,SHFE,0_0_      493031,      817049,空,开,4991.0,1,2022-04-12 21:52:59
363,rb2210,SHFE,0_0_      493031,      817401,空,开,4991.0,1,2022-04-12 21:53:00
364,rb2210,SHFE,0_0_      494444,      818689,多,平今,4989.0,2,2022-04-12 21:53:05
365,rb2210,SHFE,0_0_      494572,      819047,空,开,4989.0,1,2022-04-12 21:53:06
366,rb2210,SHFE,0_0_      494485,      820195,空,开,4990.0,1,2022-04-12 21:53:10
367,rb2210,SHFE,0_0_      494485,      820196,空,开,4990.0,1,2022-04-12 21:53:10
368,rb2210,SHFE,0_0_      494485,      820200,空,开,4990.0,2,2022-04-12 21:53:10
369,rb2210,SHFE,0_0_      495364,      820204,多,平今,4989.0,2,2022-04-12 21:53:10
370,rb2210,SHFE,0_0_      495364,      820212,多,平今,4989.0,2,2022-04-12 21:53:10
371,rb2210,SHFE,0_0_      495365,      820787,空,开,4990.0,4,2022-04-12 21:53:12
372,rb2210,SHFE,0_0_      495605,      820795,多,平今,4989.0,4,2022-04-12 21:53:12
373,rb2210,SHFE,0_0_      495606,      820806,空,开,4990.0,2,2022-04-12 21:53:12
374,rb2210,SHFE,0_0_      495606,      820807,空,开,4990.0,2,2022-04-12 21:53:12
375,rb2210,SHFE,0_0_      495607,      820817,多,平今,4989.0,4,2022-04-12 21:53:12
376,rb2210,SHFE,0_0_      495609,      820945,空,开,4990.0,4,2022-04-12 21:53:13
377,rb2210,SHFE,0_0_      495718,      821006,多,平今,4989.0,1,2022-04-12 21:53:13
378,rb2210,SHFE,0_0_      495718,      821022,多,平今,4989.0,1,2022-04-12 21:53:13
379,rb2210,SHFE,0_0_      495718,      821026,多,平今,4989.0,2,2022-04-12 21:53:13
380,rb2210,SHFE,0_0_      495777,      821111,空,开,4990.0,1,2022-04-12 21:53:14
381,rb2210,SHFE,0_0_      495777,      821112,空,开,4990.0,1,2022-04-12 21:53:14
382,rb2210,SHFE,0_0_      495777,      821113,空,开,4990.0,1,2022-04-12 21:53:14
383,rb2210,SHFE,0_0_      495777,      821115,空,开,4990.0,1,2022-04-12 21:53:14
384,rb2210,SHFE,0_0_      495823,      821245,多,平今,4989.0,4,2022-04-12 21:53:14
385,rb2210,SHFE,0_0_      495907,      821414,空,开,4990.0,4,2022-04-12 21:53:15
386,rb2210,SHFE,0_0_      496042,      821482,多,平今,4989.0,4,2022-04-12 21:53:15
387,rb2210,SHFE,0_0_      496081,      821822,空,开,4990.0,4,2022-04-12 21:53:18
388,rb2210,SHFE,0_0_      496332,      821827,多,平今,4989.0,5,2022-04-12 21:53:18
389,rb2210,SHFE,0_0_      496832,      822796,空,开,4990.0,3,2022-04-12 21:53:24
390,rb2210,SHFE,0_0_      497120,      823856,空,开,4990.0,2,2022-04-12 21:53:31
391,rb2210,SHFE,0_0_      508704,      838221,多,平今,4989.0,1,2022-04-12 21:55:21
392,rb2210,SHFE,0_0_      498819,      838881,多,平今,4988.0,2,2022-04-12 21:55:25
393,rb2210,SHFE,0_0_      498819,      838906,多,平今,4988.0,1,2022-04-12 21:55:25
394,rb2210,SHFE,0_0_      514140,      843507,多,平今,4988.000000000001,4,2022-04-12 21:56:03
395,rb2210,SHFE,0_0_      514295,      844537,空,开,4989.0,4,2022-04-12 21:56:09
396,rb2210,SHFE,0_0_      515674,      845443,空,开,4988.0,1,2022-04-12 21:56:14
397,rb2210,SHFE,0_0_      516004,      845619,空,开,4988.0,2,2022-04-12 21:56:15
398,rb2210,SHFE,0_0_      518576,      848625,多,平今,4987.0,4,2022-04-12 21:56:35
399,rb2210,SHFE,0_0_      518607,      848775,空,开,4987.0,3,2022-04-12 21:56:35
400,rb2210,SHFE,0_0_      518647,      848923,多,平今,4987.0,1,2022-04-12 21:56:36
401,rb2210,SHFE,0_0_      518795,      849198,多,开,4987.0,4,2022-04-12 21:56:36
402,rb2210,SHFE,0_0_      518871,      849240,空,平今,4988.0,4,2022-04-12 21:56:37
403,rb2210,SHFE,0_0_      518926,      849764,多,平今,4987.0,3,2022-04-12 21:56:40
404,rb2210,SHFE,0_0_      519636,      851022,空,开,4988.0,2,2022-04-12 21:56:48
405,rb2210,SHFE,0_0_      519636,      851045,空,开,4988.0,1,2022-04-12 21:56:48
406,rb2210,SHFE,0_0_      519636,      851069,空,开,4988.0,1,2022-04-12 21:56:48
407,rb2210,SHFE,0_0_      521096,      854496,多,平今,4988.0,3,2022-04-12 21:57:07
408,rb2210,SHFE,0_0_      524411,      856106,空,开,4988.0,1,2022-04-12 21:57:13
409,rb2210,SHFE,0_0_      520707,      856535,多,平今,4987.0,1,2022-04-12 21:57:15
410,rb2210,SHFE,0_0_      520707,      856555,多,平今,4987.0,1,2022-04-12 21:57:15
411,rb2210,SHFE,0_0_      523685,      857139,空,开,4989.0,3,2022-04-12 21:57:18
412,rb2210,SHFE,0_0_      525636,      857198,多,平今,4988.0,4,2022-04-12 21:57:18
413,rb2210,SHFE,0_0_      525659,      857301,空,开,4989.0,4,2022-04-12 21:57:19
414,rb2210,SHFE,0_0_      525724,      857782,多,平今,4988.0,1,2022-04-12 21:57:21
415,rb2210,SHFE,0_0_      525724,      857789,多,平今,4988.0,1,2022-04-12 21:57:21
416,rb2210,SHFE,0_0_      525724,      857952,多,平今,4988.0,1,2022-04-12 21:57:22
417,rb2210,SHFE,0_0_      527806,      861065,空,开,4991.0,1,2022-04-12 21:57:41
418,rb2210,SHFE,0_0_      527806,      861075,空,开,4991.0,1,2022-04-12 21:57:42
419,rb2210,SHFE,0_0_      529099,      862525,多,平今,4990.0,1,2022-04-12 21:57:56
420,rb2210,SHFE,0_0_      529462,      862935,多,平今,4990.0,1,2022-04-12 21:57:58
421,rb2210,SHFE,0_0_      529680,      863868,空,开,4991.0,1,2022-04-12 21:58:03
422,rb2210,SHFE,0_0_      530545,      864805,多,平今,4992.0,2,2022-04-12 21:58:06
423,rb2210,SHFE,0_0_      481890,      868100,空,平今,4995.0,2,2022-04-12 21:58:18
424,rb2210,SHFE,0_0_      532429,      870230,多,开,4994.0,2,2022-04-12 21:58:29
425,rb2210,SHFE,0_0_      533661,      870422,空,开,4995.0,4,2022-04-12 21:58:30
426,rb2210,SHFE,0_0_      536175,      873406,多,平今,4994.0,4,2022-04-12 21:58:53
427,rb2210,SHFE,0_0_      540936,      884154,空,开,4995.0,7,2022-04-12 21:59:56
428,rb2210,SHFE,0_0_      544902,      884948,多,平今,4995.0,2,2022-04-12 21:59:58
429,rb2210,SHFE,0_0_      545547,      888612,多,平今,4996.0,1,2022-04-12 22:00:03
430,rb2210,SHFE,0_0_      549017,      894489,多,平今,4998.0,1,2022-04-12 22:00:21
431,rb2210,SHFE,0_0_      549793,      895035,多,开,5000.0,1,2022-04-12 22:00:24
432,rb2210,SHFE,0_0_      551836,      898932,多,开,4998.000000000001,3,2022-04-12 22:00:37
433,rb2210,SHFE,0_0_      552627,      900779,空,平今,4997.0,3,2022-04-12 22:00:47
434,rb2210,SHFE,0_0_      544729,      903345,多,平今,4994.0,4,2022-04-12 22:01:04
435,rb2210,SHFE,0_0_      530632,      909408,多,开,4991.0,2,2022-04-12 22:01:46
436,rb2210,SHFE,0_0_      560973,      909934,空,平今,4992.0,4,2022-04-12 22:01:49
437,rb2210,SHFE,0_0_      561338,      910238,空,开,4992.0,4,2022-04-12 22:01:51
438,rb2210,SHFE,0_0_      560688,      910877,空,开,4993.0,4,2022-04-12 22:01:57
439,rb2210,SHFE,0_0_      561910,      911117,多,平今,4993.0,3,2022-04-12 22:01:59
440,rb2210,SHFE,0_0_      567689,      920855,多,开,4985.0,1,2022-04-12 22:02:37
441,rb2210,SHFE,0_0_      567689,      920864,多,开,4985.0,4,2022-04-12 22:02:37
442,rb2210,SHFE,0_0_      567385,      927534,多,平今,4984.0,3,2022-04-12 22:03:20
443,rb2210,SHFE,0_0_      572983,      927655,空,平今,4985.0,3,2022-04-12 22:03:20
444,rb2210,SHFE,0_0_      572983,      927661,空,平今,4985.0,1,2022-04-12 22:03:20
445,rb2210,SHFE,0_0_      573028,      927868,空,平今,4986.0,2,2022-04-12 22:03:21
446,rb2210,SHFE,0_0_      573206,      930877,多,开,4985.0,1,2022-04-12 22:03:48
447,rb2210,SHFE,0_0_      573206,      930918,多,开,4985.0,1,2022-04-12 22:03:49
448,rb2210,SHFE,0_0_      573206,      930937,多,开,4985.0,1,2022-04-12 22:03:49
449,rb2210,SHFE,0_0_      573206,      930945,多,开,4985.0,1,2022-04-12 22:03:49
450,rb2210,SHFE,0_0_      575851,      930983,空,平今,4986.0,1,2022-04-12 22:03:49
451,rb2210,SHFE,0_0_      576007,      931268,空,开,4986.0,4,2022-04-12 22:03:52
452,rb2210,SHFE,0_0_      581015,      936181,空,平今,4988.0,1,2022-04-12 22:04:34
453,rb2210,SHFE,0_0_      581311,      938442,多,平今,4987.0,1,2022-04-12 22:04:56
454,rb2210,SHFE,0_0_      586619,      941130,多,平今,4985.0,1,2022-04-12 22:05:14
455,rb2210,SHFE,0_0_      593803,      948891,空,开,4984.0,2,2022-04-12 22:06:01
456,rb2210,SHFE,0_0_      593803,      948892,空,开,4984.0,1,2022-04-12 22:06:01
457,rb2210,SHFE,0_0_      593803,      948924,空,开,4984.0,1,2022-04-12 22:06:01
458,rb2210,SHFE,0_0_      600971,      958080,多,平今,4988.0,2,2022-04-12 22:07:13
459,rb2210,SHFE,0_0_      605503,      972178,多,开,4986.0,4,2022-04-12 22:09:13
460,rb2210,SHFE,0_0_      594745,      972715,多,平今,4985.0,4,2022-04-12 22:09:17
461,rb2210,SHFE,0_0_      617872,      974870,空,平今,4987.0,4,2022-04-12 22:09:33
462,rb2210,SHFE,0_0_      621279,      976065,空,开,4988.0,4,2022-04-12 22:09:46
463,rb2210,SHFE,0_0_      622414,      976946,多,平今,4990.0,3,2022-04-12 22:09:57
464,rb2210,SHFE,0_0_      622695,      977134,空,开,4989.0,5,2022-04-12 22:09:59
465,rb2210,SHFE,0_0_      624371,      983787,多,平今,4990.0,2,2022-04-12 22:10:46
466,rb2210,SHFE,0_0_      630008,      989491,多,平今,4990.0,1,2022-04-12 22:11:26
467,rb2210,SHFE,0_0_      621466,      996541,多,平今,4987.0,3,2022-04-12 22:12:35
468,rb2210,SHFE,0_0_      647926,     1000307,空,平今,4991.0,1,2022-04-12 22:13:11
469,rb2210,SHFE,0_0_      648119,     1027760,空,开,4991.0,1,2022-04-12 22:17:09
470,rb2210,SHFE,0_0_      648119,     1027767,空,开,4991.0,1,2022-04-12 22:17:09
471,rb2210,SHFE,0_0_      678318,     1030370,多,开,4993.0,7,2022-04-12 22:17:20
472,rb2210,SHFE,0_0_      683396,     1036790,空,平今,4992.0,2,2022-04-12 22:17:57
473,rb2210,SHFE,0_0_      684484,     1038407,多,平今,4991.0,2,2022-04-12 22:18:07
474,rb2210,SHFE,0_0_      690492,     1044925,空,平今,4988.0,1,2022-04-12 22:19:02
475,rb2210,SHFE,0_0_      691990,     1046597,多,平今,4987.0,1,2022-04-12 22:19:17
476,rb2210,SHFE,0_0_      692250,     1047299,多,平今,4987.0,1,2022-04-12 22:19:22
477,rb2210,SHFE,0_0_      692535,     1047320,空,平今,4988.0,1,2022-04-12 22:19:22
478,rb2210,SHFE,0_0_      692536,     1047424,多,开,4987.0,1,2022-04-12 22:19:24
479,rb2210,SHFE,0_0_      693921,     1049518,空,平今,4987.0,2,2022-04-12 22:19:44
480,rb2210,SHFE,0_0_      705216,     1066388,空,平今,4988.0,1,2022-04-12 22:22:00
481,rb2210,SHFE,0_0_      715892,     1075438,空,平今,4980.0,1,2022-04-12 22:22:47
482,rb2210,SHFE,0_0_      716571,     1077916,多,开,4977.0,1,2022-04-12 22:22:54
483,rb2210,SHFE,0_0_      716734,     1078725,多,开,4977.0,1,2022-04-12 22:23:00
484,rb2210,SHFE,0_0_      717074,     1078994,空,开,4978.0,1,2022-04-12 22:23:01
485,rb2210,SHFE,0_0_      717074,     1079028,空,开,4978.0,1,2022-04-12 22:23:01
486,rb2210,SHFE,0_0_      717074,     1079029,空,开,4978.0,2,2022-04-12 22:23:01
487,rb2210,SHFE,0_0_      717353,     1079737,多,平今,4977.0,2,2022-04-12 22:23:05
488,rb2210,SHFE,0_0_      717692,     1080204,空,平今,4978.0,2,2022-04-12 22:23:08
489,rb2210,SHFE,0_0_      718177,     1080268,多,开,4977.0,1,2022-04-12 22:23:09
490,rb2210,SHFE,0_0_      718177,     1080269,多,开,4977.0,2,2022-04-12 22:23:09
491,rb2210,SHFE,0_0_      718218,     1080366,空,平今,4978.0,2,2022-04-12 22:23:09
492,rb2210,SHFE,0_0_      718286,     1080462,多,平今,4977.0,1,2022-04-12 22:23:10
493,rb2210,SHFE,0_0_      718624,     1080899,空,平今,4977.0,2,2022-04-12 22:23:14
494,rb2210,SHFE,0_0_      719131,     1082060,空,开,4978.0,3,2022-04-12 22:23:23
495,rb2210,SHFE,0_0_      719716,     1082159,多,开,4977.0,8,2022-04-12 22:23:23
496,rb2210,SHFE,0_0_      719753,     1082311,空,平今,4978.0,5,2022-04-12 22:23:25
497,rb2210,SHFE,0_0_      719753,     1082312,空,平今,4978.0,1,2022-04-12 22:23:25
498,rb2210,SHFE,0_0_      719753,     1082332,空,平今,4978.0,1,2022-04-12 22:23:25
499,rb2210,SHFE,0_0_      719753,     1082363,空,平今,4978.0,1,2022-04-12 22:23:26
500,rb2210,SHFE,0_0_      724156,     1089803,多,平今,4977.0,3,2022-04-12 22:24:27
501,rb2210,SHFE,0_0_      726429,     1090331,空,开,4978.0,1,2022-04-12 22:24:30
502,rb2210,SHFE,0_0_      726429,     1090337,空,开,4978.0,1,2022-04-12 22:24:30
503,rb2210,SHFE,0_0_      726740,     1090945,多,平今,4977.0,2,2022-04-12 22:24:36
504,rb2210,SHFE,0_0_      728357,     1092129,多,开,4977.0,4,2022-04-12 22:24:47
505,rb2210,SHFE,0_0_      728556,     1092498,多,开,4977.0,1,2022-04-12 22:24:49
506,rb2210,SHFE,0_0_      728556,     1092502,多,开,4977.0,1,2022-04-12 22:24:49
507,rb2210,SHFE,0_0_      728556,     1092524,多,开,4977.0,1,2022-04-12 22:24:49
508,rb2210,SHFE,0_0_      727255,     1092957,空,开,4978.0,3,2022-04-12 22:24:53
509,rb2210,SHFE,0_0_      728557,     1093089,空,平今,4978.0,1,2022-04-12 22:24:54
510,rb2210,SHFE,0_0_      728557,     1093100,空,平今,4978.0,1,2022-04-12 22:24:55
511,rb2210,SHFE,0_0_      728557,     1093114,空,平今,4978.0,1,2022-04-12 22:24:55
512,rb2210,SHFE,0_0_      729142,     1093293,多,开,4978.0,1,2022-04-12 22:24:57
513,rb2210,SHFE,0_0_      729833,     1096265,多,开,4979.0,3,2022-04-12 22:25:18
514,rb2210,SHFE,0_0_      731556,     1096423,空,平今,4979.0,2,2022-04-12 22:25:19
515,rb2210,SHFE,0_0_      732640,     1097639,空,平今,4981.000000000001,1,2022-04-12 22:25:28
516,rb2210,SHFE,0_0_      732640,     1097659,空,平今,4981.000000000001,1,2022-04-12 22:25:29
517,rb2210,SHFE,0_0_      732640,     1097663,空,平今,4981.0,2,2022-04-12 22:25:29
518,rb2210,SHFE,0_0_      737230,     1101791,空,开,4982.0,4,2022-04-12 22:26:17
519,rb2210,SHFE,0_0_      737543,     1102109,多,开,4981.0,6,2022-04-12 22:26:22
520,rb2210,SHFE,0_0_      729118,     1106378,多,平今,4977.0,3,2022-04-12 22:27:15
521,rb2210,SHFE,0_0_      729118,     1106387,多,平今,4977.0,1,2022-04-12 22:27:16
522,rb2210,SHFE,0_0_      747220,     1110446,空,开,4978.0,4,2022-04-12 22:27:57
523,rb2210,SHFE,0_0_      751811,     1114736,多,平今,4977.0,3,2022-04-12 22:28:41
524,rb2210,SHFE,0_0_      751871,     1114820,多,平今,4977.0,1,2022-04-12 22:28:42
525,rb2210,SHFE,0_0_      751871,     1114823,多,平今,4977.0,3,2022-04-12 22:28:42
526,rb2210,SHFE,0_0_      752206,     1115538,多,平今,4977.0,1,2022-04-12 22:28:52
527,rb2210,SHFE,0_0_      754495,     1122305,空,开,4977.0,3,2022-04-12 22:29:37
528,rb2210,SHFE,0_0_      760981,     1125355,空,开,4976.0,2,2022-04-12 22:29:54
529,rb2210,SHFE,0_0_      761613,     1126065,多,平今,4977.0,1,2022-04-12 22:29:59
530,rb2210,SHFE,0_0_      770389,     1136639,多,平今,4988.0,1,2022-04-12 22:31:10
531,rb2210,SHFE,0_0_      770389,     1136643,多,平今,4988.0,3,2022-04-12 22:31:10
532,rb2210,SHFE,0_0_      770802,     1137305,空,平今,4989.0,4,2022-04-12 22:31:12
533,rb2210,SHFE,0_0_      771054,     1138505,空,平今,4989.0,4,2022-04-12 22:31:19
534,rb2210,SHFE,0_0_      772470,     1138830,多,开,4988.0,8,2022-04-12 22:31:20
535,rb2210,SHFE,0_0_      772814,     1138889,空,平今,4989.0,1,2022-04-12 22:31:20
536,rb2210,SHFE,0_0_      772814,     1138894,空,平今,4989.0,1,2022-04-12 22:31:20
537,rb2210,SHFE,0_0_      772814,     1138896,空,平今,4989.0,6,2022-04-12 22:31:20
538,rb2210,SHFE,0_0_      772865,     1141059,多,开,4988.0,8,2022-04-12 22:31:30
539,rb2210,SHFE,0_0_      785955,     1155483,空,开,4985.0,3,2022-04-12 22:33:16
540,rb2210,SHFE,0_0_      788918,     1159380,空,开,4988.0,2,2022-04-12 22:33:55
541,rb2210,SHFE,0_0_      774223,     1159517,空,平今,4989.0,2,2022-04-12 22:33:56
542,rb2210,SHFE,0_0_      774223,     1159519,空,平今,4989.0,3,2022-04-12 22:33:56
543,rb2210,SHFE,0_0_      774223,     1159520,空,平今,4989.0,3,2022-04-12 22:33:56
544,rb2210,SHFE,0_0_      789287,     1159948,多,开,4988.0,8,2022-04-12 22:34:01
545,rb2210,SHFE,0_0_      800775,     1171062,多,平今,4990.0,3,2022-04-12 22:35:38
546,rb2210,SHFE,0_0_      802261,     1174439,空,平今,4992.0,8,2022-04-12 22:35:51
547,rb2210,SHFE,0_0_      802945,     1174805,多,开,4992.0,1,2022-04-12 22:35:53
548,rb2210,SHFE,0_0_      802945,     1174806,多,开,4992.0,7,2022-04-12 22:35:53
549,rb2210,SHFE,0_0_      803119,     1175067,空,平今,4992.0,1,2022-04-12 22:35:55
550,rb2210,SHFE,0_0_      808580,     1183274,空,平今,4993.0,2,2022-04-12 22:36:56
551,rb2210,SHFE,0_0_      810110,     1183833,空,平今,4993.0,2,2022-04-12 22:37:00
552,rb2210,SHFE,0_0_      822515,     1197892,多,平今,4993.0,1,2022-04-12 22:38:51
553,rb2210,SHFE,0_0_      822626,     1202630,多,开,4992.0,3,2022-04-12 22:39:17
554,rb2210,SHFE,0_0_      826218,     1208090,空,平今,4993.0,3,2022-04-12 22:40:06
555,rb2210,SHFE,0_0_      825545,     1209225,空,开,4994.0,4,2022-04-12 22:40:17
556,rb2210,SHFE,0_0_      831908,     1210644,多,开,4993.0,3,2022-04-12 22:40:30
557,rb2210,SHFE,0_0_      834456,     1211337,多,平今,4994.000000000001,1,2022-04-12 22:40:37
558,rb2210,SHFE,0_0_      834456,     1211361,多,平今,4994.000000000001,1,2022-04-12 22:40:37
559,rb2210,SHFE,0_0_      835050,     1212275,多,平今,4994.0,1,2022-04-12 22:40:44
560,rb2210,SHFE,0_0_      845425,     1220712,空,平今,4991.0,1,2022-04-12 22:42:03
561,rb2210,SHFE,0_0_      858382,     1233784,多,平今,4991.0,2,2022-04-12 22:44:04
562,rb2210,SHFE,0_0_      860869,     1237569,空,开,4991.0,1,2022-04-12 22:44:16
563,rb2210,SHFE,0_0_      869980,     1252542,空,开,4993.0,2,2022-04-12 22:45:31
564,rb2210,SHFE,0_0_      872314,     1254260,空,平今,4993.0,1,2022-04-12 22:45:47
565,rb2210,SHFE,0_0_      841733,     1254273,空,平今,4994.0,4,2022-04-12 22:45:47
566,rb2210,SHFE,0_0_      872503,     1256569,多,开,4993.0,2,2022-04-12 22:46:03
567,rb2210,SHFE,0_0_      872503,     1256611,多,开,4993.0,1,2022-04-12 22:46:04
568,rb2210,SHFE,0_0_      872503,     1256613,多,开,4993.0,3,2022-04-12 22:46:04
569,rb2210,SHFE,0_0_      872503,     1256653,多,开,4993.0,1,2022-04-12 22:46:04
570,rb2210,SHFE,0_0_      874603,     1257065,空,平今,4994.0,1,2022-04-12 22:46:06
571,rb2210,SHFE,0_0_      874694,     1257171,空,平今,4994.0,2,2022-04-12 22:46:06
572,rb2210,SHFE,0_0_      877847,     1262048,空,平今,5001.0,1,2022-04-12 22:46:33
573,rb2210,SHFE,0_0_      878183,     1262737,多,开,5003.0,3,2022-04-12 22:46:35
574,rb2210,SHFE,0_0_      878550,     1263906,空,平今,5005.0,4,2022-04-12 22:46:40
575,rb2210,SHFE,0_0_      878665,     1264494,空,平今,5006.0,2,2022-04-12 22:46:42
576,rb2210,SHFE,0_0_      880480,     1267844,多,平今,5007.0,2,2022-04-12 22:46:58
577,rb2210,SHFE,0_0_      881466,     1269715,多,平今,5009.0,1,2022-04-12 22:47:04
578,rb2210,SHFE,0_0_      883256,     1273626,多,开,5010.0,1,2022-04-12 22:47:18
579,rb2210,SHFE,0_0_      883256,     1273634,多,开,5010.0,1,2022-04-12 22:47:18
580,rb2210,SHFE,0_0_      883256,     1273635,多,开,5010.0,1,2022-04-12 22:47:18
581,rb2210,SHFE,0_0_      883256,     1273638,多,开,5010.0,2,2022-04-12 22:47:18
582,rb2210,SHFE,0_0_      884813,     1276847,多,开,5010.0,2,2022-04-12 22:47:34
583,rb2210,SHFE,0_0_      885534,     1278007,空,平今,5009.0,2,2022-04-12 22:47:41
584,rb2210,SHFE,0_0_      885771,     1278142,空,开,5009.0,5,2022-04-12 22:47:42
585,rb2210,SHFE,0_0_      885771,     1278143,空,开,5009.0,3,2022-04-12 22:47:42
586,rb2210,SHFE,0_0_      885760,     1278150,多,开,5008.0,2,2022-04-12 22:47:42
587,rb2210,SHFE,0_0_      885892,     1279330,空,平今,5009.0,1,2022-04-12 22:47:49
588,rb2210,SHFE,0_0_      886892,     1279389,多,平今,5008.0,1,2022-04-12 22:47:50
589,rb2210,SHFE,0_0_      887065,     1279873,空,平今,5008.0,2,2022-04-12 22:47:53
590,rb2210,SHFE,0_0_      888675,     1283139,多,平今,5008.000000000001,2,2022-04-12 22:48:07
591,rb2210,SHFE,0_0_      890142,     1285251,多,平今,5009.000000000001,3,2022-04-12 22:48:16
592,rb2210,SHFE,0_0_      890716,     1286124,多,开,5009.0,3,2022-04-12 22:48:21
593,rb2210,SHFE,0_0_      895603,     1291457,空,平今,5008.0,4,2022-04-12 22:48:59
594,rb2210,SHFE,0_0_      891260,     1292921,空,平今,5010.0,3,2022-04-12 22:49:04
595,rb2210,SHFE,0_0_      896761,     1293046,多,平今,5009.0,1,2022-04-12 22:49:05
596,rb2210,SHFE,0_0_      900752,     1299613,多,开,5012.0,3,2022-04-12 22:49:42
597,rb2210,SHFE,0_0_      901959,     1300044,空,平今,5012.0,1,2022-04-12 22:49:45
598,rb2210,SHFE,0_0_      901865,     1303823,空,开,5013.0,1,2022-04-12 22:50:08
599,rb2210,SHFE,0_0_      901865,     1303826,空,开,5013.0,3,2022-04-12 22:50:08
600,rb2210,SHFE,0_0_      905290,     1304162,多,平今,5012.0,2,2022-04-12 22:50:10
601,rb2210,SHFE,0_0_      905353,     1307464,空,平今,5013.0,2,2022-04-12 22:50:28
602,rb2210,SHFE,0_0_      908168,     1307731,多,平今,5012.0,1,2022-04-12 22:50:29
603,rb2210,SHFE,0_0_      908168,     1307761,多,平今,5012.0,1,2022-04-12 22:50:30
604,rb2210,SHFE,0_0_      908914,     1308472,多,平今,5012.0,1,2022-04-12 22:50:34
605,rb2210,SHFE,0_0_      909436,     1309147,多,开,5013.0,1,2022-04-12 22:50:40
606,rb2210,SHFE,0_0_      909715,     1309371,空,开,5013.0,4,2022-04-12 22:50:43
607,rb2210,SHFE,0_0_      909954,     1309768,多,平今,5012.0,2,2022-04-12 22:50:47
608,rb2210,SHFE,0_0_      918965,     1321548,空,开,5009.0,2,2022-04-12 22:51:50
609,rb2210,SHFE,0_0_      921514,     1323657,多,平今,5009.0,1,2022-04-12 22:52:02
610,rb2210,SHFE,0_0_      921514,     1323703,多,平今,5009.0,1,2022-04-12 22:52:03
611,rb2210,SHFE,0_0_      921514,     1323862,多,平今,5009.0,1,2022-04-12 22:52:04
612,rb2210,SHFE,0_0_      922823,     1324716,多,开,5009.0,4,2022-04-12 22:52:11
613,rb2210,SHFE,0_0_      925086,     1326608,空,平今,5007.0,1,2022-04-12 22:52:31
614,rb2210,SHFE,0_0_      925180,     1326620,空,开,5007.0,4,2022-04-12 22:52:31
615,rb2210,SHFE,0_0_      925683,     1329136,空,平今,5007.0,1,2022-04-12 22:52:49
616,rb2210,SHFE,0_0_      927919,     1330098,多,平今,5006.0,1,2022-04-12 22:52:56
617,rb2210,SHFE,0_0_      930272,     1336885,空,开,5006.0,1,2022-04-12 22:53:44
618,rb2210,SHFE,0_0_      930272,     1336964,空,开,5006.0,1,2022-04-12 22:53:45
619,rb2210,SHFE,0_0_      930272,     1336970,空,开,5006.0,1,2022-04-12 22:53:45
620,rb2210,SHFE,0_0_      934076,     1337226,多,平今,5006.0,1,2022-04-12 22:53:48
621,rb2210,SHFE,0_0_      934076,     1337337,多,平今,5006.0,1,2022-04-12 22:53:48
622,rb2210,SHFE,0_0_      940050,     1344750,空,平今,5005.0,1,2022-04-12 22:54:35
623,rb2210,SHFE,0_0_      952902,     1364745,多,平今,5006.0,1,2022-04-12 22:56:28
624,rb2210,SHFE,0_0_      956254,     1366167,空,开,5007.0,1,2022-04-12 22:56:40
625,rb2210,SHFE,0_0_      923409,     1367895,空,平今,5010.0,2,2022-04-12 22:56:51
626,rb2210,SHFE,0_0_      960788,     1370904,多,开,5011.0,3,2022-04-12 22:57:04
627,rb2210,SHFE,0_0_      961761,     1372045,多,开,5013.0,3,2022-04-12 22:57:11
628,rb2210,SHFE,0_0_      961761,     1372078,多,开,5013.0,1,2022-04-12 22:57:12
629,rb2210,SHFE,0_0_      962052,     1372682,空,平今,5014.0,1,2022-04-12 22:57:15
630,rb2210,SHFE,0_0_      962471,     1372880,空,平今,5014.0,3,2022-04-12 22:57:17
631,rb2210,SHFE,0_0_      964495,     1375774,多,平今,5015.0,2,2022-04-12 22:57:30
632,rb2210,SHFE,0_0_      966698,     1380240,空,平今,5017.0,1,2022-04-12 22:57:50
633,rb2210,SHFE,0_0_      967547,     1381837,多,平今,5017.0,3,2022-04-12 22:57:57
634,rb2210,SHFE,0_0_      968333,     1384429,空,平今,5018.0,1,2022-04-12 22:58:06
635,rb2210,SHFE,0_0_      970557,     1390456,多,开,5018.0,2,2022-04-12 22:58:32
636,rb2210,SHFE,0_0_      973538,     1392446,空,平今,5019.0,1,2022-04-12 22:58:39
637,rb2210,SHFE,0_0_      974117,     1393282,空,平今,5018.0,1,2022-04-12 22:58:43
638,rb2210,SHFE,0_0_      974177,     1393778,空,开,5018.0,2,2022-04-12 22:58:47
639,rb2210,SHFE,0_0_     1280333,     1687037,多,开,4963.0,4,2022-04-13 09:00:18
640,rb2210,SHFE,0_0_     1280693,     1688482,空,平今,4965.0,5,2022-04-13 09:00:20
641,rb2210,SHFE,0_0_     1280541,     1688936,空,开,4967.0,4,2022-04-13 09:00:21
642,rb2210,SHFE,0_0_     1280884,     1690141,多,平今,4965.0,2,2022-04-13 09:00:23
643,rb2210,SHFE,0_0_     1280933,     1691311,多,开,4964.0,8,2022-04-13 09:00:25
644,rb2210,SHFE,0_0_     1281088,     1695179,空,平今,4967.0,4,2022-04-13 09:00:32
645,rb2210,SHFE,0_0_     1281333,     1695280,多,平今,4966.0,4,2022-04-13 09:00:32
646,rb2210,SHFE,0_0_     1281334,     1695305,空,平今,4967.0,4,2022-04-13 09:00:33
647,rb2210,SHFE,0_0_     1281436,     1696533,多,开,4970.0,3,2022-04-13 09:00:35
648,rb2210,SHFE,0_0_     1281452,     1696628,空,平今,4971.0,3,2022-04-13 09:00:35
649,rb2210,SHFE,0_0_     1281453,     1696664,多,开,4970.0,3,2022-04-13 09:00:35
650,rb2210,SHFE,0_0_     1281461,     1696797,空,平今,4971.0,1,2022-04-13 09:00:36
651,rb2210,SHFE,0_0_     1281461,     1696799,空,平今,4971.0,2,2022-04-13 09:00:36
652,rb2210,SHFE,0_0_     1281480,     1696858,多,开,4970.0,2,2022-04-13 09:00:36
653,rb2210,SHFE,0_0_     1281480,     1696859,多,开,4970.0,1,2022-04-13 09:00:36
654,rb2210,SHFE,0_0_     1281481,     1696870,空,平今,4971.0,1,2022-04-13 09:00:36
655,rb2210,SHFE,0_0_     1281481,     1696883,空,平今,4971.0,1,2022-04-13 09:00:36
656,rb2210,SHFE,0_0_     1281481,     1696884,空,平今,4971.0,1,2022-04-13 09:00:36
657,rb2210,SHFE,0_0_     1281482,     1696890,多,开,4970.0,3,2022-04-13 09:00:36
658,rb2210,SHFE,0_0_     1282166,     1703272,空,平今,4972.0,1,2022-04-13 09:00:50
659,rb2210,SHFE,0_0_     1282186,     1703585,多,开,4971.0,1,2022-04-13 09:00:51
660,rb2210,SHFE,0_0_     1282213,     1703655,空,平今,4972.0,1,2022-04-13 09:00:51
661,rb2210,SHFE,0_0_     1282225,     1704006,多,开,4971.0,1,2022-04-13 09:00:52
662,rb2210,SHFE,0_0_     1282318,     1705253,空,开,4971.0,1,2022-04-13 09:00:55
663,rb2210,SHFE,0_0_     1282318,     1705258,空,开,4971.0,1,2022-04-13 09:00:55
664,rb2210,SHFE,0_0_     1282318,     1705272,空,开,4971.0,2,2022-04-13 09:00:55
665,rb2210,SHFE,0_0_     1282266,     1705430,空,开,4972.0,4,2022-04-13 09:00:55
666,rb2210,SHFE,0_0_     1282431,     1707421,多,平今,4971.0,4,2022-04-13 09:01:00
667,rb2210,SHFE,0_0_     1282686,     1707629,空,开,4972.0,1,2022-04-13 09:01:00
668,rb2210,SHFE,0_0_     1282686,     1707642,空,开,4972.0,3,2022-04-13 09:01:00
669,rb2210,SHFE,0_0_     1282700,     1707693,多,平今,4972.0,3,2022-04-13 09:01:00
670,rb2210,SHFE,0_0_     1282701,     1707706,空,平今,4973.0,1,2022-04-13 09:01:00
671,rb2210,SHFE,0_0_     1282701,     1707711,空,平今,4973.0,2,2022-04-13 09:01:00
672,rb2210,SHFE,0_0_     1282709,     1707931,多,平今,4972.0,3,2022-04-13 09:01:01
673,rb2210,SHFE,0_0_     1281350,     1710602,多,开,4966.0,1,2022-04-13 09:01:05
674,rb2210,SHFE,0_0_     1281350,     1710744,多,开,4966.0,3,2022-04-13 09:01:05
675,rb2210,SHFE,0_0_     1283223,     1712851,多,开,4966.0,3,2022-04-13 09:01:09
676,rb2210,SHFE,0_0_     1283968,     1723074,空,平今,4974.0,1,2022-04-13 09:01:23
677,rb2210,SHFE,0_0_     1283968,     1723080,空,平今,4974.0,3,2022-04-13 09:01:23
678,rb2210,SHFE,0_0_     1283983,     1723108,多,开,4973.0,1,2022-04-13 09:01:23
679,rb2210,SHFE,0_0_     1283983,     1723111,多,开,4973.0,3,2022-04-13 09:01:23
680,rb2210,SHFE,0_0_     1283984,     1723783,空,平今,4974.0,4,2022-04-13 09:01:25
681,rb2210,SHFE,0_0_     1284052,     1723824,多,开,4973.0,4,2022-04-13 09:01:25
682,rb2210,SHFE,0_0_     1284055,     1723845,空,平今,4974.0,4,2022-04-13 09:01:25
683,rb2210,SHFE,0_0_     1284056,     1723856,多,开,4973.0,4,2022-04-13 09:01:25
684,rb2210,SHFE,0_0_     1284057,     1724014,空,平今,4974.0,1,2022-04-13 09:01:25
685,rb2210,SHFE,0_0_     1284057,     1724020,空,平今,4974.0,3,2022-04-13 09:01:25
686,rb2210,SHFE,0_0_     1284069,     1724267,多,开,4973.0,1,2022-04-13 09:01:26
687,rb2210,SHFE,0_0_     1284069,     1724269,多,开,4973.0,3,2022-04-13 09:01:26
688,rb2210,SHFE,0_0_     1284095,     1724990,空,平今,4974.0,1,2022-04-13 09:01:27
689,rb2210,SHFE,0_0_     1284095,     1725002,空,平今,4974.0,3,2022-04-13 09:01:27
690,rb2210,SHFE,0_0_     1284145,     1725414,多,开,4973.0,4,2022-04-13 09:01:28
691,rb2210,SHFE,0_0_     1284190,     1725972,空,平今,4974.0,4,2022-04-13 09:01:29
692,rb2210,SHFE,0_0_     1284236,     1725994,多,开,4973.0,4,2022-04-13 09:01:29
693,rb2210,SHFE,0_0_     1284237,     1726112,空,平今,4974.0,4,2022-04-13 09:01:29
694,rb2210,SHFE,0_0_     1284238,     1726446,多,开,4973.0,2,2022-04-13 09:01:30
695,rb2210,SHFE,0_0_     1284238,     1726570,多,开,4973.0,1,2022-04-13 09:01:30
696,rb2210,SHFE,0_0_     1284238,     1726582,多,开,4973.0,1,2022-04-13 09:01:30
697,rb2210,SHFE,0_0_     1284986,     1735491,空,平今,4977.0,3,2022-04-13 09:01:50
698,rb2210,SHFE,0_0_     1285254,     1737849,多,平今,4978.0,2,2022-04-13 09:01:56
699,rb2210,SHFE,0_0_     1286325,     1748416,空,开,4981.0,5,2022-04-13 09:02:16
700,rb2210,SHFE,0_0_     1287022,     1753401,多,平今,4977.0,1,2022-04-13 09:02:30
701,rb2210,SHFE,0_0_     1287022,     1753402,多,平今,4977.0,1,2022-04-13 09:02:30
702,rb2210,SHFE,0_0_     1287022,     1753403,多,平今,4977.0,1,2022-04-13 09:02:30
703,rb2210,SHFE,0_0_     1287090,     1754008,空,平今,4978.0,4,2022-04-13 09:02:31
704,rb2210,SHFE,0_0_     1287125,     1754034,多,开,4977.0,8,2022-04-13 09:02:32
705,rb2210,SHFE,0_0_     1288687,     1763717,空,平今,4986.0,2,2022-04-13 09:03:02
706,rb2210,SHFE,0_0_     1288721,     1763750,多,开,4985.0,2,2022-04-13 09:03:02
707,rb2210,SHFE,0_0_     1288722,     1763928,空,平今,4986.0,1,2022-04-13 09:03:02
708,rb2210,SHFE,0_0_     1288722,     1763930,空,平今,4986.0,1,2022-04-13 09:03:02
709,rb2210,SHFE,0_0_     1288743,     1763976,多,开,4985.0,2,2022-04-13 09:03:02
710,rb2210,SHFE,0_0_     1288747,     1764201,空,平今,4986.0,2,2022-04-13 09:03:03
711,rb2210,SHFE,0_0_     1288832,     1764385,多,开,4985.0,1,2022-04-13 09:03:03
712,rb2210,SHFE,0_0_     1288832,     1764410,多,开,4985.0,1,2022-04-13 09:03:03
713,rb2210,SHFE,0_0_     1288856,     1765022,空,平今,4986.0,2,2022-04-13 09:03:05
714,rb2210,SHFE,0_0_     1289310,     1767295,空,平今,4989.0,2,2022-04-13 09:03:10
715,rb2210,SHFE,0_0_     1291632,     1778295,空,平今,4989.0,2,2022-04-13 09:03:41
716,rb2210,SHFE,0_0_     1291710,     1778834,空,平今,4989.000000000001,1,2022-04-13 09:03:42
717,rb2210,SHFE,0_0_     1291746,     1779167,多,开,4989.0,3,2022-04-13 09:03:43
718,rb2210,SHFE,0_0_     1291816,     1779484,空,平今,4990.0,4,2022-04-13 09:03:45
719,rb2210,SHFE,0_0_     1292024,     1780478,空,开,4990.0,2,2022-04-13 09:03:49
720,rb2210,SHFE,0_0_     1289002,     1784298,多,开,4985.0,2,2022-04-13 09:04:04
721,rb2210,SHFE,0_0_     1293195,     1784649,空,平今,4986.0,2,2022-04-13 09:04:06
722,rb2210,SHFE,0_0_     1293279,     1784675,多,平今,4985.0,2,2022-04-13 09:04:06
723,rb2210,SHFE,0_0_     1293882,     1786720,多,开,4983.0,4,2022-04-13 09:04:13
724,rb2210,SHFE,0_0_     1293882,     1786732,多,开,4983.0,3,2022-04-13 09:04:13
725,rb2210,SHFE,0_0_     1293882,     1786734,多,开,4983.0,1,2022-04-13 09:04:13
726,rb2210,SHFE,0_0_     1294059,     1787033,空,平今,4984.0,8,2022-04-13 09:04:15
727,rb2210,SHFE,0_0_     1294528,     1789371,空,开,4981.0,1,2022-04-13 09:04:24
728,rb2210,SHFE,0_0_     1294528,     1789378,空,开,4981.0,1,2022-04-13 09:04:24
729,rb2210,SHFE,0_0_     1294528,     1789379,空,开,4981.0,1,2022-04-13 09:04:24
730,rb2210,SHFE,0_0_     1294528,     1789380,空,开,4981.0,1,2022-04-13 09:04:24
731,rb2210,SHFE,0_0_     1294851,     1791296,多,平今,4981.0,2,2022-04-13 09:04:30
732,rb2210,SHFE,0_0_     1295055,     1791942,空,开,4981.0,1,2022-04-13 09:04:33
733,rb2210,SHFE,0_0_     1296027,     1795193,空,开,4979.0,3,2022-04-13 09:04:47
734,rb2210,SHFE,0_0_     1296607,     1798236,多,平今,4974.0,2,2022-04-13 09:04:55
735,rb2210,SHFE,0_0_     1297724,     1802481,空,开,4975.0,2,2022-04-13 09:05:05
736,rb2210,SHFE,0_0_     1297799,     1803923,多,平今,4974.0,4,2022-04-13 09:05:09
737,rb2210,SHFE,0_0_     1298234,     1804114,空,开,4973.0,4,2022-04-13 09:05:09
738,rb2210,SHFE,0_0_     1300405,     1812116,多,平今,4972.0,2,2022-04-13 09:05:34
739,rb2210,SHFE,0_0_     1300562,     1812282,多,开,4972.0,8,2022-04-13 09:05:35
740,rb2210,SHFE,0_0_     1301027,     1813196,空,平今,4972.0,4,2022-04-13 09:05:39
741,rb2210,SHFE,0_0_     1301123,     1814001,空,开,4971.0,1,2022-04-13 09:05:42
742,rb2210,SHFE,0_0_     1301123,     1814004,空,开,4971.0,1,2022-04-13 09:05:42
743,rb2210,SHFE,0_0_     1308946,     1832539,空,平今,4976.0,2,2022-04-13 09:06:58
744,rb2210,SHFE,0_0_     1308956,     1832561,多,开,4975.0,2,2022-04-13 09:06:59
745,rb2210,SHFE,0_0_     1311393,     1837899,空,平今,4971.0,1,2022-04-13 09:07:19
746,rb2210,SHFE,0_0_     1302289,     1840613,多,平今,4968.0,1,2022-04-13 09:07:27
747,rb2210,SHFE,0_0_     1302289,     1840782,多,平今,4968.0,1,2022-04-13 09:07:28
748,rb2210,SHFE,0_0_     1302289,     1840784,多,平今,4968.0,2,2022-04-13 09:07:28
749,rb2210,SHFE,0_0_     1302340,     1840845,多,平今,4968.0,3,2022-04-13 09:07:28
750,rb2210,SHFE,0_0_     1313307,     1840861,空,开,4969.0,3,2022-04-13 09:07:28
751,rb2210,SHFE,0_0_     1314046,     1842265,多,平今,4969.0,1,2022-04-13 09:07:34
752,rb2210,SHFE,0_0_     1317376,     1847185,空,开,4966.0,4,2022-04-13 09:07:52
753,rb2210,SHFE,0_0_     1318752,     1849927,多,平今,4964.0,3,2022-04-13 09:08:00
754,rb2210,SHFE,0_0_     1318752,     1849928,多,平今,4964.0,1,2022-04-13 09:08:00
755,rb2210,SHFE,0_0_     1318818,     1850039,空,开,4965.0,3,2022-04-13 09:08:00
756,rb2210,SHFE,0_0_     1318818,     1850048,空,开,4965.0,1,2022-04-13 09:08:00
757,rb2210,SHFE,0_0_     1319066,     1851566,空,平今,4965.0,1,2022-04-13 09:08:05
758,rb2210,SHFE,0_0_     1319579,     1851644,多,平今,4964.0,1,2022-04-13 09:08:05
759,rb2210,SHFE,0_0_     1319643,     1851666,空,开,4965.0,1,2022-04-13 09:08:05
760,rb2210,SHFE,0_0_     1319647,     1851696,多,平今,4964.0,1,2022-04-13 09:08:05
761,rb2210,SHFE,0_0_     1319740,     1851747,空,开,4965.0,1,2022-04-13 09:08:05
762,rb2210,SHFE,0_0_     1319745,     1851749,多,平今,4964.0,1,2022-04-13 09:08:05
763,rb2210,SHFE,0_0_     1319746,     1851784,空,开,4965.0,1,2022-04-13 09:08:05
764,rb2210,SHFE,0_0_     1319921,     1852273,多,平今,4963.0,2,2022-04-13 09:08:07
765,rb2210,SHFE,0_0_     1319921,     1852274,多,平今,4963.0,1,2022-04-13 09:08:07
766,rb2210,SHFE,0_0_     1320167,     1852557,空,开,4964.0,3,2022-04-13 09:08:08
767,rb2210,SHFE,0_0_     1320302,     1852606,多,平今,4963.0,3,2022-04-13 09:08:08
768,rb2210,SHFE,0_0_     1320317,     1852635,空,开,4964.0,3,2022-04-13 09:08:08
769,rb2210,SHFE,0_0_     1320324,     1852644,多,平今,4963.0,2,2022-04-13 09:08:08
770,rb2210,SHFE,0_0_     1320324,     1852646,多,平今,4963.0,1,2022-04-13 09:08:08
771,rb2210,SHFE,0_0_     1320335,     1852650,空,开,4964.0,2,2022-04-13 09:08:08
772,rb2210,SHFE,0_0_     1320335,     1852704,空,开,4964.0,1,2022-04-13 09:08:08
773,rb2210,SHFE,0_0_     1320568,     1852992,多,平今,4964.0,1,2022-04-13 09:08:09
774,rb2210,SHFE,0_0_     1320568,     1852998,多,平今,4964.0,1,2022-04-13 09:08:09
775,rb2210,SHFE,0_0_     1320592,     1853012,空,开,4965.0,2,2022-04-13 09:08:09
776,rb2210,SHFE,0_0_     1320593,     1853048,多,平今,4964.0,2,2022-04-13 09:08:09
777,rb2210,SHFE,0_0_     1320627,     1853062,空,开,4965.0,2,2022-04-13 09:08:09
778,rb2210,SHFE,0_0_     1320669,     1853113,多,平今,4964.0,2,2022-04-13 09:08:09
779,rb2210,SHFE,0_0_     1320669,     1853121,多,平今,4964.0,4,2022-04-13 09:08:09
780,rb2210,SHFE,0_0_     1320672,     1853139,空,开,4965.0,1,2022-04-13 09:08:09
781,rb2210,SHFE,0_0_     1320672,     1853292,空,开,4965.0,1,2022-04-13 09:08:10
782,rb2210,SHFE,0_0_     1320672,     1853544,空,开,4965.0,1,2022-04-13 09:08:11
783,rb2210,SHFE,0_0_     1320672,     1853545,空,开,4965.0,1,2022-04-13 09:08:11
784,rb2210,SHFE,0_0_     1320672,     1853547,空,开,4965.0,1,2022-04-13 09:08:11
785,rb2210,SHFE,0_0_     1320672,     1853555,空,开,4965.0,1,2022-04-13 09:08:11
786,rb2210,SHFE,0_0_     1321228,     1853943,多,平今,4963.000000000001,5,2022-04-13 09:08:12
787,rb2210,SHFE,0_0_     1321295,     1854342,空,开,4964.0,2,2022-04-13 09:08:14
788,rb2210,SHFE,0_0_     1321295,     1854430,空,开,4964.0,2,2022-04-13 09:08:14
789,rb2210,SHFE,0_0_     1321295,     1854437,空,开,4964.0,1,2022-04-13 09:08:14
790,rb2210,SHFE,0_0_     1321605,     1854510,多,平今,4963.0,3,2022-04-13 09:08:15
791,rb2210,SHFE,0_0_     1321798,     1855020,空,开,4963.0,2,2022-04-13 09:08:17
792,rb2210,SHFE,0_0_     1322319,     1855687,多,平今,4963.0,3,2022-04-13 09:08:20
793,rb2210,SHFE,0_0_     1322584,     1856041,多,平今,4963.0,1,2022-04-13 09:08:22
794,rb2210,SHFE,0_0_     1322967,     1856495,多,开,4964.0,1,2022-04-13 09:08:24
795,rb2210,SHFE,0_0_     1322967,     1856510,多,开,4964.0,2,2022-04-13 09:08:24
796,rb2210,SHFE,0_0_     1328840,     1862370,空,开,4967.0,4,2022-04-13 09:08:56
797,rb2210,SHFE,0_0_     1328941,     1862501,多,平今,4967.0,2,2022-04-13 09:08:57
798,rb2210,SHFE,0_0_     1330209,     1864509,空,平今,4963.0,1,2022-04-13 09:09:04
799,rb2210,SHFE,0_0_     1330268,     1864667,空,开,4964.0,1,2022-04-13 09:09:05
800,rb2210,SHFE,0_0_     1330835,     1865202,空,开,4964.0,1,2022-04-13 09:09:07
801,rb2210,SHFE,0_0_     1330835,     1865204,空,开,4964.0,1,2022-04-13 09:09:07
802,rb2210,SHFE,0_0_     1334048,     1869175,多,开,4966.000000000001,4,2022-04-13 09:09:26
803,rb2210,SHFE,0_0_     1336153,     1872220,多,平今,4966.0,2,2022-04-13 09:09:42
804,rb2210,SHFE,0_0_     1337415,     1872278,空,平今,4967.0,4,2022-04-13 09:09:43
805,rb2210,SHFE,0_0_     1337500,     1872477,空,平今,4967.0,1,2022-04-13 09:09:44
806,rb2210,SHFE,0_0_     1339446,     1874558,多,开,4964.0,4,2022-04-13 09:09:55
807,rb2210,SHFE,0_0_     1339634,     1874677,空,平今,4965.0,1,2022-04-13 09:09:56
808,rb2210,SHFE,0_0_     1339861,     1874781,空,平今,4965.0,4,2022-04-13 09:09:57
809,rb2210,SHFE,0_0_     1340057,     1875056,多,开,4965.0,2,2022-04-13 09:09:58
810,rb2210,SHFE,0_0_     1340057,     1875077,多,开,4965.0,1,2022-04-13 09:09:58
811,rb2210,SHFE,0_0_     1331834,     1875913,多,平今,4963.0,3,2022-04-13 09:10:01
812,rb2210,SHFE,0_0_     1340388,     1876773,空,开,4964.0,4,2022-04-13 09:10:03
813,rb2210,SHFE,0_0_     1341079,     1878330,多,开,4968.0,1,2022-04-13 09:10:07
814,rb2210,SHFE,0_0_     1341079,     1878331,多,开,4968.0,1,2022-04-13 09:10:07
815,rb2210,SHFE,0_0_     1341079,     1878337,多,开,4968.0,1,2022-04-13 09:10:07
816,rb2210,SHFE,0_0_     1340837,     1880959,多,平今,4964.0,2,2022-04-13 09:10:17
817,rb2210,SHFE,0_0_     1343203,     1880981,空,平今,4965.0,2,2022-04-13 09:10:17
818,rb2210,SHFE,0_0_     1311610,     1885839,空,平今,4971.0,2,2022-04-13 09:10:40
819,rb2210,SHFE,0_0_     1349555,     1888214,空,平今,4976.0,4,2022-04-13 09:10:51
820,rb2210,SHFE,0_0_     1349827,     1888327,多,平今,4975.0,4,2022-04-13 09:10:52
821,rb2210,SHFE,0_0_     1350087,     1888784,空,开,4975.0,4,2022-04-13 09:10:54
822,rb2210,SHFE,0_0_     1361439,     1899635,多,开,4978.0,1,2022-04-13 09:11:57
823,rb2210,SHFE,0_0_     1361439,     1899639,多,开,4978.0,1,2022-04-13 09:11:57
824,rb2210,SHFE,0_0_     1361439,     1899652,多,开,4978.0,1,2022-04-13 09:11:57
825,rb2210,SHFE,0_0_     1361439,     1899710,多,开,4978.0,1,2022-04-13 09:11:58
826,rb2210,SHFE,0_0_     1361439,     1899713,多,开,4978.0,2,2022-04-13 09:11:58
827,rb2210,SHFE,0_0_     1347624,     1912606,多,开,4970.0,2,2022-04-13 09:12:41
828,rb2210,SHFE,0_0_     1370490,     1913447,空,平今,4971.0,2,2022-04-13 09:12:44
829,rb2210,SHFE,0_0_     1370849,     1918871,多,平今,4970.0,2,2022-04-13 09:13:05
830,rb2210,SHFE,0_0_     1374796,     1919274,空,开,4970.0,2,2022-04-13 09:13:07
831,rb2210,SHFE,0_0_     1377744,     1923273,多,平今,4969.0,1,2022-04-13 09:13:27
832,rb2210,SHFE,0_0_     1377744,     1923274,多,平今,4969.0,2,2022-04-13 09:13:27
833,rb2210,SHFE,0_0_     1374684,     1926428,空,开,4971.0,2,2022-04-13 09:13:44
834,rb2210,SHFE,0_0_     1381281,     1928078,多,平今,4970.0,2,2022-04-13 09:13:52
835,rb2210,SHFE,0_0_     1382669,     1928091,空,开,4971.0,2,2022-04-13 09:13:52
836,rb2210,SHFE,0_0_     1382670,     1929184,多,平今,4970.0,2,2022-04-13 09:13:58
837,rb2210,SHFE,0_0_     1398467,     1946051,空,平今,4966.0,4,2022-04-13 09:15:18
838,rb2210,SHFE,0_0_     1399291,     1947248,空,平今,4963.0,1,2022-04-13 09:15:22
839,rb2210,SHFE,0_0_     1399488,     1948155,空,开,4963.0,1,2022-04-13 09:15:24
840,rb2210,SHFE,0_0_     1399605,     1948295,多,开,4962.0,1,2022-04-13 09:15:24
841,rb2210,SHFE,0_0_     1399605,     1948296,多,开,4962.0,4,2022-04-13 09:15:24
842,rb2210,SHFE,0_0_     1399626,     1950561,空,开,4963.0,3,2022-04-13 09:15:31
843,rb2210,SHFE,0_0_     1401348,     1951018,多,平今,4963.0,4,2022-04-13 09:15:32
844,rb2210,SHFE,0_0_     1399296,     1951889,空,平今,4964.0,1,2022-04-13 09:15:35
845,rb2210,SHFE,0_0_     1402205,     1952993,空,平今,4964.0,1,2022-04-13 09:15:38
846,rb2210,SHFE,0_0_     1402205,     1953002,空,平今,4964.0,2,2022-04-13 09:15:38
847,rb2210,SHFE,0_0_     1402205,     1953203,空,平今,4964.0,1,2022-04-13 09:15:39
848,rb2210,SHFE,0_0_     1406055,     1958408,多,开,4966.0,2,2022-04-13 09:16:00
849,rb2210,SHFE,0_0_     1394240,     1961354,空,开,4970.0,3,2022-04-13 09:16:14
850,rb2210,SHFE,0_0_     1409437,     1961691,多,平今,4969.0,3,2022-04-13 09:16:15
851,rb2210,SHFE,0_0_     1409765,     1961752,空,平今,4970.0,3,2022-04-13 09:16:16
852,rb2210,SHFE,0_0_     1409784,     1962208,多,开,4969.0,2,2022-04-13 09:16:18
853,rb2210,SHFE,0_0_     1409784,     1962219,多,开,4969.0,1,2022-04-13 09:16:18
854,rb2210,SHFE,0_0_     1410344,     1964237,空,平今,4970.0,1,2022-04-13 09:16:34
855,rb2210,SHFE,0_0_     1410344,     1964335,空,平今,4970.0,2,2022-04-13 09:16:35
856,rb2210,SHFE,0_0_     1412697,     1964918,多,开,4970.0,2,2022-04-13 09:16:39
857,rb2210,SHFE,0_0_     1412301,     1966101,多,开,4969.000000000001,1,2022-04-13 09:16:47
858,rb2210,SHFE,0_0_     1414289,     1966864,空,开,4970.0,1,2022-04-13 09:16:53
859,rb2210,SHFE,0_0_     1414289,     1966899,空,开,4970.0,1,2022-04-13 09:16:53
860,rb2210,SHFE,0_0_     1414289,     1966907,空,开,4970.0,2,2022-04-13 09:16:53
861,rb2210,SHFE,0_0_     1414619,     1966914,多,平今,4969.0,3,2022-04-13 09:16:54
862,rb2210,SHFE,0_0_     1414766,     1967875,多,平今,4968.0,1,2022-04-13 09:16:59
863,rb2210,SHFE,0_0_     1407301,     1968735,多,开,4967.0,1,2022-04-13 09:17:05
864,rb2210,SHFE,0_0_     1407301,     1968738,多,开,4967.0,2,2022-04-13 09:17:05
865,rb2210,SHFE,0_0_     1416377,     1969033,空,平今,4968.0,3,2022-04-13 09:17:07
866,rb2210,SHFE,0_0_     1419236,     1975336,空,开,4969.0,4,2022-04-13 09:17:43
867,rb2210,SHFE,0_0_     1422818,     1976382,多,开,4969.0,2,2022-04-13 09:17:50
868,rb2210,SHFE,0_0_     1421920,     1977433,多,平今,4968.0,1,2022-04-13 09:17:57
869,rb2210,SHFE,0_0_     1421920,     1977441,多,平今,4968.0,1,2022-04-13 09:17:57
870,rb2210,SHFE,0_0_     1421920,     1977622,多,平今,4968.0,1,2022-04-13 09:17:58
871,rb2210,SHFE,0_0_     1421920,     1977674,多,平今,4968.0,1,2022-04-13 09:17:58
872,rb2210,SHFE,0_0_     1403557,     1992543,多,平今,4964.0,1,2022-04-13 09:19:31
873,rb2210,SHFE,0_0_     1403744,     1992585,多,开,4964.0,2,2022-04-13 09:19:31
874,rb2210,SHFE,0_0_     1437951,     1993125,空,开,4964.0,3,2022-04-13 09:19:35
875,rb2210,SHFE,0_0_     1437951,     1993126,空,开,4964.0,1,2022-04-13 09:19:35
876,rb2210,SHFE,0_0_     1438148,     1993373,空,平今,4963.0,2,2022-04-13 09:19:36
877,rb2210,SHFE,0_0_     1439353,     1995962,空,开,4964.0,3,2022-04-13 09:19:50
878,rb2210,SHFE,0_0_     1439627,     1995978,多,平今,4963.0,1,2022-04-13 09:19:50
879,rb2210,SHFE,0_0_     1441011,     1997626,空,平今,4961.0,1,2022-04-13 09:19:59
880,rb2210,SHFE,0_0_     1441616,     2000712,多,平今,4960.0,4,2022-04-13 09:20:09
881,rb2210,SHFE,0_0_     1442685,     2000807,空,开,4961.0,5,2022-04-13 09:20:09
882,rb2210,SHFE,0_0_     1443603,     2001760,多,平今,4961.0,2,2022-04-13 09:20:14
883,rb2210,SHFE,0_0_     1443603,     2001780,多,平今,4961.0,1,2022-04-13 09:20:14
884,rb2210,SHFE,0_0_     1443603,     2001782,多,平今,4961.0,4,2022-04-13 09:20:14
885,rb2210,SHFE,0_0_     1443945,     2002309,空,开,4960.0,1,2022-04-13 09:20:17
886,rb2210,SHFE,0_0_     1443945,     2002337,空,开,4960.0,1,2022-04-13 09:20:17
887,rb2210,SHFE,0_0_     1443945,     2002344,空,开,4960.0,5,2022-04-13 09:20:17
888,rb2210,SHFE,0_0_     1444313,     2003041,空,平今,4959.0,1,2022-04-13 09:20:19
889,rb2210,SHFE,0_0_     1444392,     2003303,多,平今,4959.0,1,2022-04-13 09:20:20
890,rb2210,SHFE,0_0_     1446296,     2006405,多,平今,4959.000000000001,2,2022-04-13 09:20:37
891,rb2210,SHFE,0_0_     1448526,     2009964,多,开,4960.0,4,2022-04-13 09:20:55
892,rb2210,SHFE,0_0_     1439860,     2011424,空,开,4963.0,1,2022-04-13 09:21:05
893,rb2210,SHFE,0_0_     1450748,     2012233,多,平今,4962.0,1,2022-04-13 09:21:11
894,rb2210,SHFE,0_0_     1453070,     2013902,空,平今,4963.0,1,2022-04-13 09:21:21
895,rb2210,SHFE,0_0_     1453070,     2013903,空,平今,4963.0,2,2022-04-13 09:21:21
896,rb2210,SHFE,0_0_     1453070,     2013904,空,平今,4963.0,1,2022-04-13 09:21:21
897,rb2210,SHFE,0_0_     1453387,     2014540,多,开,4962.0,1,2022-04-13 09:21:25
898,rb2210,SHFE,0_0_     1456065,     2017948,多,开,4962.0,4,2022-04-13 09:21:49
899,rb2210,SHFE,0_0_     1447337,     2024229,多,平今,4959.0,4,2022-04-13 09:22:31
900,rb2210,SHFE,0_0_     1463584,     2026441,空,平今,4959.0,2,2022-04-13 09:22:38
901,rb2210,SHFE,0_0_     1466059,     2029674,空,平今,4957.0,2,2022-04-13 09:22:56
902,rb2210,SHFE,0_0_     1462238,     2032351,空,开,4960.0,8,2022-04-13 09:23:09
903,rb2210,SHFE,0_0_     1467977,     2032442,多,开,4959.0,2,2022-04-13 09:23:09
904,rb2210,SHFE,0_0_     1468225,     2032809,多,平今,4960.0,4,2022-04-13 09:23:11
905,rb2210,SHFE,0_0_     1468663,     2033314,多,开,4960.0,2,2022-04-13 09:23:14
906,rb2210,SHFE,0_0_     1461018,     2036180,空,平今,4962.0,1,2022-04-13 09:23:34
907,rb2210,SHFE,0_0_     1461018,     2036181,空,平今,4962.0,1,2022-04-13 09:23:34
908,rb2210,SHFE,0_0_     1461018,     2036405,空,平今,4962.0,2,2022-04-13 09:23:35
909,rb2210,SHFE,0_0_     1471059,     2036555,多,开,4961.0,1,2022-04-13 09:23:36
910,rb2210,SHFE,0_0_     1471059,     2036606,多,开,4961.0,1,2022-04-13 09:23:36
911,rb2210,SHFE,0_0_     1471184,     2036700,多,开,4961.0,2,2022-04-13 09:23:37
912,rb2210,SHFE,0_0_     1471343,     2036920,空,平今,4962.0,2,2022-04-13 09:23:38
913,rb2210,SHFE,0_0_     1471645,     2037200,空,平今,4962.0,2,2022-04-13 09:23:40
914,rb2210,SHFE,0_0_     1471779,     2037441,多,开,4961.000000000001,2,2022-04-13 09:23:41
915,rb2210,SHFE,0_0_     1468222,     2038027,多,平今,4959.0,4,2022-04-13 09:23:45
916,rb2210,SHFE,0_0_     1472369,     2038068,空,平今,4960.000000000001,4,2022-04-13 09:23:45
917,rb2210,SHFE,0_0_     1472406,     2038369,多,开,4959.0,2,2022-04-13 09:23:48
918,rb2210,SHFE,0_0_     1472861,     2038958,空,开,4958.0,4,2022-04-13 09:23:51
919,rb2210,SHFE,0_0_     1472992,     2039120,空,开,4958.0,2,2022-04-13 09:23:52
920,rb2210,SHFE,0_0_     1472992,     2039134,空,开,4958.0,1,2022-04-13 09:23:52
921,rb2210,SHFE,0_0_     1472992,     2039229,空,开,4958.0,1,2022-04-13 09:23:53
922,rb2210,SHFE,0_0_     1473545,     2039564,多,平今,4957.0,1,2022-04-13 09:23:54
923,rb2210,SHFE,0_0_     1473545,     2039573,多,平今,4957.0,1,2022-04-13 09:23:54
924,rb2210,SHFE,0_0_     1473545,     2039578,多,平今,4957.0,1,2022-04-13 09:23:54
925,rb2210,SHFE,0_0_     1473545,     2039625,多,平今,4957.0,1,2022-04-13 09:23:54
926,rb2210,SHFE,0_0_     1473779,     2040590,空,开,4958.0,3,2022-04-13 09:24:00
927,rb2210,SHFE,0_0_     1474782,     2040748,多,平今,4956.0,1,2022-04-13 09:24:01
928,rb2210,SHFE,0_0_     1474782,     2040750,多,平今,4956.0,2,2022-04-13 09:24:01
929,rb2210,SHFE,0_0_     1474782,     2040752,多,平今,4956.0,1,2022-04-13 09:24:01
930,rb2210,SHFE,0_0_     1474876,     2041488,空,平今,4958.0,2,2022-04-13 09:24:08
931,rb2210,SHFE,0_0_     1476049,     2041695,空,开,4958.0,3,2022-04-13 09:24:09
932,rb2210,SHFE,0_0_     1476263,     2042094,多,平今,4958.0,2,2022-04-13 09:24:11
933,rb2210,SHFE,0_0_     1476341,     2042178,空,开,4957.0,1,2022-04-13 09:24:11
934,rb2210,SHFE,0_0_     1476341,     2042181,空,开,4957.0,1,2022-04-13 09:24:11
935,rb2210,SHFE,0_0_     1476341,     2042182,空,开,4957.0,1,2022-04-13 09:24:11
936,rb2210,SHFE,0_0_     1476341,     2042185,空,开,4957.0,1,2022-04-13 09:24:11
937,rb2210,SHFE,0_0_     1477946,     2044860,多,平今,4960.0,5,2022-04-13 09:24:30
938,rb2210,SHFE,0_0_     1472016,     2045158,空,平今,4962.0,2,2022-04-13 09:24:33
939,rb2210,SHFE,0_0_     1478976,     2045971,多,平今,4962.0,1,2022-04-13 09:24:40
940,rb2210,SHFE,0_0_     1478976,     2045972,多,平今,4962.0,1,2022-04-13 09:24:40
941,rb2210,SHFE,0_0_     1480028,     2047634,多,开,4963.0,2,2022-04-13 09:24:52
942,rb2210,SHFE,0_0_     1480028,     2047636,多,开,4963.0,2,2022-04-13 09:24:52
943,rb2210,SHFE,0_0_     1486736,     2056095,空,平今,4963.0,4,2022-04-13 09:25:48
944,rb2210,SHFE,0_0_     1488273,     2058486,多,开,4962.0,2,2022-04-13 09:26:06
945,rb2210,SHFE,0_0_     1495216,     2065316,多,开,4966.000000000001,1,2022-04-13 09:26:51
946,rb2210,SHFE,0_0_     1498413,     2069072,空,开,4969.0,4,2022-04-13 09:27:15
947,rb2210,SHFE,0_0_     1495088,     2071066,多,平今,4965.000000000001,1,2022-04-13 09:27:27
948,rb2210,SHFE,0_0_     1500547,     2071092,空,平今,4966.0,1,2022-04-13 09:27:28
949,rb2210,SHFE,0_0_     1489598,     2077115,多,开,4963.0,1,2022-04-13 09:28:06
950,rb2210,SHFE,0_0_     1505958,     2077281,空,平今,4964.0,1,2022-04-13 09:28:07
951,rb2210,SHFE,0_0_     1510055,     2084726,多,平今,4964.0,3,2022-04-13 09:29:02
952,rb2210,SHFE,0_0_     1510055,     2084742,多,平今,4964.0,1,2022-04-13 09:29:02
953,rb2210,SHFE,0_0_     1514147,     2085538,空,开,4963.0,4,2022-04-13 09:29:09
954,rb2210,SHFE,0_0_     1522031,     2094446,空,开,4960.0,4,2022-04-13 09:30:00
955,rb2210,SHFE,0_0_     1522258,     2094600,多,平今,4959.0,7,2022-04-13 09:30:01
956,rb2210,SHFE,0_0_     1530791,     2106317,空,开,4958.0,3,2022-04-13 09:31:08
957,rb2210,SHFE,0_0_     1531258,     2106847,空,平今,4958.0,1,2022-04-13 09:31:10
958,rb2210,SHFE,0_0_     1531258,     2106857,空,平今,4958.0,1,2022-04-13 09:31:10
959,rb2210,SHFE,0_0_     1531539,     2107642,多,平今,4957.0,3,2022-04-13 09:31:15
960,rb2210,SHFE,0_0_     1532500,     2108965,多,开,4958.0,3,2022-04-13 09:31:24
961,rb2210,SHFE,0_0_     1533290,     2109111,空,平今,4959.0,3,2022-04-13 09:31:25
962,rb2210,SHFE,0_0_     1533310,     2114401,多,开,4958.0,3,2022-04-13 09:32:03
963,rb2210,SHFE,0_0_     1537910,     2122151,空,平今,4959.0,3,2022-04-13 09:32:53
964,rb2210,SHFE,0_0_     1543747,     2122335,空,开,4960.0,7,2022-04-13 09:32:54
965,rb2210,SHFE,0_0_     1543729,     2122350,多,开,4958.0,1,2022-04-13 09:32:54
966,rb2210,SHFE,0_0_     1543729,     2122351,多,开,4958.0,1,2022-04-13 09:32:54
967,rb2210,SHFE,0_0_     1543729,     2122352,多,开,4958.0,1,2022-04-13 09:32:54
968,rb2210,SHFE,0_0_     1543831,     2122684,多,平今,4958.0,4,2022-04-13 09:32:56
969,rb2210,SHFE,0_0_     1544168,     2122808,多,平今,4959.0,1,2022-04-13 09:32:57
970,rb2210,SHFE,0_0_     1544350,     2124960,空,平今,4960.0,1,2022-04-13 09:33:09
971,rb2210,SHFE,0_0_     1546770,     2125419,多,平今,4960.0,1,2022-04-13 09:33:12
972,rb2210,SHFE,0_0_     1546770,     2125420,多,平今,4960.0,1,2022-04-13 09:33:12
973,rb2210,SHFE,0_0_     1546151,     2125582,多,开,4959.0,4,2022-04-13 09:33:13
974,rb2210,SHFE,0_0_     1547182,     2126492,空,开,4960.0,7,2022-04-13 09:33:20
975,rb2210,SHFE,0_0_     1548019,     2127363,多,平今,4959.0,8,2022-04-13 09:33:29
976,rb2210,SHFE,0_0_     1548994,     2127813,空,平今,4959.0,1,2022-04-13 09:33:32
977,rb2210,SHFE,0_0_     1548976,     2130415,空,开,4960.0,8,2022-04-13 09:33:58
978,rb2210,SHFE,0_0_     1552285,     2130451,多,平今,4959.0,8,2022-04-13 09:33:58
979,rb2210,SHFE,0_0_     1553813,     2131841,多,开,4962.0,3,2022-04-13 09:34:09
980,rb2210,SHFE,0_0_     1555317,     2133093,空,平今,4963.0,4,2022-04-13 09:34:20
981,rb2210,SHFE,0_0_     1555747,     2133803,空,平今,4963.0,3,2022-04-13 09:34:26
982,rb2210,SHFE,0_0_     1556068,     2134411,多,开,4962.0,3,2022-04-13 09:34:33
983,rb2210,SHFE,0_0_     1557117,     2134940,多,开,4962.0,1,2022-04-13 09:34:41
984,rb2210,SHFE,0_0_     1568674,     2145598,空,开,4956.0,2,2022-04-13 09:36:05
985,rb2210,SHFE,0_0_     1568598,     2146991,空,平今,4957.0,1,2022-04-13 09:36:17
986,rb2210,SHFE,0_0_     1566308,     2149426,空,开,4960.0,3,2022-04-13 09:36:36
987,rb2210,SHFE,0_0_     1566308,     2149433,空,开,4960.0,3,2022-04-13 09:36:36
988,rb2210,SHFE,0_0_     1566074,     2150724,空,平今,4962.0,1,2022-04-13 09:36:46
989,rb2210,SHFE,0_0_     1566074,     2150815,空,平今,4962.0,3,2022-04-13 09:36:47
990,rb2210,SHFE,0_0_     1574312,     2152554,多,平今,4961.0,4,2022-04-13 09:36:54
991,rb2210,SHFE,0_0_     1573326,     2153384,多,平今,4960.0,2,2022-04-13 09:36:57
992,rb2210,SHFE,0_0_     1579615,     2158928,空,开,4961.0,1,2022-04-13 09:37:28
993,rb2210,SHFE,0_0_     1585445,     2164746,多,开,4959.0,4,2022-04-13 09:38:00
994,rb2210,SHFE,0_0_     1587167,     2167081,空,开,4958.0,2,2022-04-13 09:38:13
995,rb2210,SHFE,0_0_     1587167,     2167122,空,开,4958.0,1,2022-04-13 09:38:13
996,rb2210,SHFE,0_0_     1587167,     2167281,空,开,4958.0,1,2022-04-13 09:38:13
997,rb2210,SHFE,0_0_     1589266,     2169528,空,开,4955.0,1,2022-04-13 09:38:24
998,rb2210,SHFE,0_0_     1589564,     2171305,多,平今,4954.000000000001,4,2022-04-13 09:38:38
999,rb2210,SHFE,0_0_     1591399,     2171922,空,开,4955.0,1,2022-04-13 09:38:41
1000,rb2210,SHFE,0_0_     1591399,     2171939,空,开,4955.0,1,2022-04-13 09:38:41
1001,rb2210,SHFE,0_0_     1591399,     2171943,空,开,4955.0,2,2022-04-13 09:38:41
1002,rb2210,SHFE,0_0_     1592062,     2172682,多,平今,4954.0,4,2022-04-13 09:38:45
1003,rb2210,SHFE,0_0_     1592544,     2172917,空,开,4955.0,1,2022-04-13 09:38:48
1004,rb2210,SHFE,0_0_     1592544,     2172918,空,开,4955.0,1,2022-04-13 09:38:48
1005,rb2210,SHFE,0_0_     1592544,     2172960,空,开,4955.0,1,2022-04-13 09:38:48
1006,rb2210,SHFE,0_0_     1592544,     2172973,空,开,4955.0,1,2022-04-13 09:38:49
1007,rb2210,SHFE,0_0_     1592988,     2173095,多,平今,4954.0,3,2022-04-13 09:38:50
1008,rb2210,SHFE,0_0_     1593205,     2173440,多,平今,4954.0,4,2022-04-13 09:38:51
1009,rb2210,SHFE,0_0_     1593248,     2173517,空,开,4955.0,1,2022-04-13 09:38:51
1010,rb2210,SHFE,0_0_     1593248,     2173520,空,开,4955.0,1,2022-04-13 09:38:51
1011,rb2210,SHFE,0_0_     1593248,     2175569,空,开,4955.0,1,2022-04-13 09:39:04
1012,rb2210,SHFE,0_0_     1593248,     2175574,空,开,4955.0,1,2022-04-13 09:39:04
1013,rb2210,SHFE,0_0_     1593262,     2175837,空,开,4955.0,3,2022-04-13 09:39:06
1014,rb2210,SHFE,0_0_     1595439,     2176106,多,平今,4955.0,4,2022-04-13 09:39:07
1015,rb2210,SHFE,0_0_     1595558,     2178067,多,平今,4954.0,3,2022-04-13 09:39:21
1016,rb2210,SHFE,0_0_     1597686,     2179248,空,开,4955.0,3,2022-04-13 09:39:26
1017,rb2210,SHFE,0_0_     1599266,     2180568,多,平今,4953.0,4,2022-04-13 09:39:36
1018,rb2210,SHFE,0_0_     1600322,     2182074,空,开,4954.0,4,2022-04-13 09:39:42
1019,rb2210,SHFE,0_0_     1598080,     2182133,空,开,4955.0,1,2022-04-13 09:39:42
1020,rb2210,SHFE,0_0_     1598080,     2182216,空,开,4955.0,2,2022-04-13 09:39:42
1021,rb2210,SHFE,0_0_     1598080,     2182217,空,开,4955.0,1,2022-04-13 09:39:42
1022,rb2210,SHFE,0_0_     1602973,     2183774,多,开,4956.0,1,2022-04-13 09:39:51
1023,rb2210,SHFE,0_0_     1602973,     2183801,多,开,4956.0,1,2022-04-13 09:39:52
1024,rb2210,SHFE,0_0_     1607973,     2189585,多,开,4956.0,2,2022-04-13 09:40:27
1025,rb2210,SHFE,0_0_     1609003,     2189619,空,平今,4957.0,1,2022-04-13 09:40:27
1026,rb2210,SHFE,0_0_     1609003,     2189620,空,平今,4957.0,1,2022-04-13 09:40:27
1027,rb2210,SHFE,0_0_     1611978,     2194201,空,平今,4957.0,4,2022-04-13 09:40:58
1028,rb2210,SHFE,0_0_     1633865,     2221955,多,开,4960.0,1,2022-04-13 09:44:29
1029,rb2210,SHFE,0_0_     1633865,     2222013,多,开,4960.0,1,2022-04-13 09:44:30
1030,rb2210,SHFE,0_0_     1641581,     2222307,空,平今,4962.0,1,2022-04-13 09:44:34
1031,rb2210,SHFE,0_0_     1642723,     2222322,多,平今,4961.0,1,2022-04-13 09:44:34
1032,rb2210,SHFE,0_0_     1644300,     2224244,多,平今,4962.0,1,2022-04-13 09:44:47
1033,rb2210,SHFE,0_0_     1644705,     2225648,多,平今,4960.0,2,2022-04-13 09:45:00
1034,rb2210,SHFE,0_0_     1645894,     2226743,空,平今,4961.0,3,2022-04-13 09:45:05
1035,rb2210,SHFE,0_0_     1646359,     2226835,多,平今,4960.0,1,2022-04-13 09:45:06
1036,rb2210,SHFE,0_0_     1647591,     2230582,多,开,4961.0,3,2022-04-13 09:45:38
1037,rb2210,SHFE,0_0_     1647591,     2230593,多,开,4961.0,1,2022-04-13 09:45:38
1038,rb2210,SHFE,0_0_     1649878,     2230702,空,平今,4962.0,4,2022-04-13 09:45:39
1039,rb2210,SHFE,0_0_     1650805,     2232280,空,开,4963.0,2,2022-04-13 09:45:54
1040,rb2210,SHFE,0_0_     1654057,     2233347,多,平今,4963.0,2,2022-04-13 09:46:05
1041,rb2210,SHFE,0_0_     1655140,     2234168,空,开,4963.0,1,2022-04-13 09:46:10
1042,rb2210,SHFE,0_0_     1655140,     2234183,空,开,4963.0,3,2022-04-13 09:46:10
1043,rb2210,SHFE,0_0_     1662841,     2240363,多,开,4966.0,4,2022-04-13 09:47:05
1044,rb2210,SHFE,0_0_     1663040,     2240854,空,平今,4967.0,3,2022-04-13 09:47:07
1045,rb2210,SHFE,0_0_     1663409,     2242159,多,平今,4966.0,3,2022-04-13 09:47:17
1046,rb2210,SHFE,0_0_     1664804,     2242224,多,开,4966.0,3,2022-04-13 09:47:17
1047,rb2210,SHFE,0_0_     1664931,     2242405,空,平今,4967.0,1,2022-04-13 09:47:18
1048,rb2210,SHFE,0_0_     1665036,     2249299,多,开,4966.0,1,2022-04-13 09:48:23
1049,rb2210,SHFE,0_0_     1665036,     2249351,多,开,4966.0,2,2022-04-13 09:48:24
1050,rb2210,SHFE,0_0_     1665036,     2249388,多,开,4966.0,1,2022-04-13 09:48:24
1051,rb2210,SHFE,0_0_     1705041,     2280868,多,平今,4965.0,1,2022-04-13 09:52:47
1052,rb2210,SHFE,0_0_     1670773,     2283186,空,开,4969.0,1,2022-04-13 09:52:58
1053,rb2210,SHFE,0_0_     1670773,     2283273,空,开,4969.0,2,2022-04-13 09:52:59
1054,rb2210,SHFE,0_0_     1670773,     2283282,空,开,4969.0,1,2022-04-13 09:52:59
1055,rb2210,SHFE,0_0_     1706806,     2283560,多,平今,4968.0,1,2022-04-13 09:53:01
1056,rb2210,SHFE,0_0_     1706806,     2283573,多,平今,4968.0,1,2022-04-13 09:53:01
1057,rb2210,SHFE,0_0_     1706806,     2283613,多,平今,4968.0,2,2022-04-13 09:53:02
1058,rb2210,SHFE,0_0_     1711208,     2288786,空,平今,4970.0,4,2022-04-13 09:53:30
1059,rb2210,SHFE,0_0_     1712350,     2289852,多,开,4969.0,1,2022-04-13 09:53:38
1060,rb2210,SHFE,0_0_     1712350,     2289865,多,开,4969.0,3,2022-04-13 09:53:38
1061,rb2210,SHFE,0_0_     1715085,     2293139,多,平今,4971.0,1,2022-04-13 09:53:59
1062,rb2210,SHFE,0_0_     1715916,     2293271,空,平今,4972.0,1,2022-04-13 09:54:00
1063,rb2210,SHFE,0_0_     1715996,     2293440,空,平今,4972.0,3,2022-04-13 09:54:00
1064,rb2210,SHFE,0_0_     1715996,     2293457,空,平今,4972.0,1,2022-04-13 09:54:00
1065,rb2210,SHFE,0_0_     1716221,     2293864,多,开,4971.0,2,2022-04-13 09:54:01
1066,rb2210,SHFE,0_0_     1716221,     2293865,多,开,4971.0,2,2022-04-13 09:54:01
1067,rb2210,SHFE,0_0_     1718998,     2297469,空,平今,4970.0,2,2022-04-13 09:54:24
1068,rb2210,SHFE,0_0_     1719490,     2300040,空,平今,4970.0,1,2022-04-13 09:54:51
1069,rb2210,SHFE,0_0_     1723678,     2302589,多,开,4968.0,4,2022-04-13 09:55:04
1070,rb2210,SHFE,0_0_     1724367,     2304300,空,平今,4969.0,1,2022-04-13 09:55:18
1071,rb2210,SHFE,0_0_     1724367,     2304301,空,平今,4969.0,1,2022-04-13 09:55:18
1072,rb2210,SHFE,0_0_     1724367,     2304309,空,平今,4969.0,2,2022-04-13 09:55:18
1073,rb2210,SHFE,0_0_     1730853,     2310261,空,开,4970.0,1,2022-04-13 09:55:58
1074,rb2210,SHFE,0_0_     1731285,     2311896,多,平今,4969.0,1,2022-04-13 09:56:10
1075,rb2210,SHFE,0_0_     1733017,     2312658,多,开,4971.0,1,2022-04-13 09:56:15
1076,rb2210,SHFE,0_0_     1716280,     2313376,空,平今,4972.0,3,2022-04-13 09:56:18
1077,rb2210,SHFE,0_0_     1733647,     2313909,多,开,4972.0,3,2022-04-13 09:56:20
1078,rb2210,SHFE,0_0_     1734062,     2314872,空,平今,4972.0,1,2022-04-13 09:56:28
1079,rb2210,SHFE,0_0_     1734062,     2314888,空,平今,4972.0,1,2022-04-13 09:56:28
1080,rb2210,SHFE,0_0_     1734828,     2315304,空,平今,4972.0,2,2022-04-13 09:56:32
1081,rb2210,SHFE,0_0_     1735299,     2316914,多,开,4972.0,1,2022-04-13 09:56:45
1082,rb2210,SHFE,0_0_     1735299,     2317007,多,开,4972.0,1,2022-04-13 09:56:46
1083,rb2210,SHFE,0_0_     1736498,     2317169,空,平今,4973.0,2,2022-04-13 09:56:48
1084,rb2210,SHFE,0_0_     1735351,     2317190,多,开,4972.0,2,2022-04-13 09:56:49
1085,rb2210,SHFE,0_0_     1737285,     2317558,空,开,4972.0,3,2022-04-13 09:56:51
1086,rb2210,SHFE,0_0_     1737332,     2317920,多,平今,4972.0,1,2022-04-13 09:56:53
1087,rb2210,SHFE,0_0_     1737758,     2318484,空,平今,4973.0,2,2022-04-13 09:56:56
1088,rb2210,SHFE,0_0_     1738487,     2318761,多,平今,4973.0,1,2022-04-13 09:56:58
1089,rb2210,SHFE,0_0_     1738635,     2318967,多,平今,4973.0,1,2022-04-13 09:56:59
1090,rb2210,SHFE,0_0_     1739350,     2320922,空,开,4974.0,2,2022-04-13 09:57:06
1091,rb2210,SHFE,0_0_     1739640,     2324995,多,平今,4973.0,2,2022-04-13 09:57:29
1092,rb2210,SHFE,0_0_     1743613,     2325048,空,开,4974.0,4,2022-04-13 09:57:30
1093,rb2210,SHFE,0_0_     1743782,     2325207,多,平今,4974.0,1,2022-04-13 09:57:31
1094,rb2210,SHFE,0_0_     1744458,     2328247,多,平今,4973.0,3,2022-04-13 09:58:00
1095,rb2210,SHFE,0_0_     1726077,     2334137,多,开,4968.0,4,2022-04-13 09:58:46
1096,rb2210,SHFE,0_0_     1753186,     2335191,空,平今,4969.0,4,2022-04-13 09:58:55
1097,rb2210,SHFE,0_0_     1761851,     2345284,多,开,4967.0,8,2022-04-13 10:00:02
1098,rb2210,SHFE,0_0_     1762911,     2347019,空,平今,4966.0,4,2022-04-13 10:00:07
1099,rb2210,SHFE,0_0_     1762970,     2350894,空,平今,4967.0,1,2022-04-13 10:00:27
1100,rb2210,SHFE,0_0_     1766458,     2350940,空,开,4968.0,4,2022-04-13 10:00:27
1101,rb2210,SHFE,0_0_     1775836,     2362327,空,平今,4966.0,1,2022-04-13 10:01:44
1102,rb2210,SHFE,0_0_     1775836,     2362328,空,平今,4966.0,1,2022-04-13 10:01:44
1103,rb2210,SHFE,0_0_     1778341,     2367351,多,平今,4966.0,2,2022-04-13 10:02:22
1104,rb2210,SHFE,0_0_     1781871,     2368578,空,平今,4967.000000000001,1,2022-04-13 10:02:31
1105,rb2210,SHFE,0_0_     1782200,     2368762,多,平今,4966.0,1,2022-04-13 10:02:33
1106,rb2210,SHFE,0_0_     1782439,     2368948,空,开,4967.0,1,2022-04-13 10:02:35
1107,rb2210,SHFE,0_0_     1796892,     2387138,空,开,4963.0,2,2022-04-13 10:04:31
1108,rb2210,SHFE,0_0_     1827626,     2425094,多,开,4975.0,4,2022-04-13 10:08:16
1109,rb2210,SHFE,0_0_     1827249,     2425521,多,开,4973.0,3,2022-04-13 10:08:17
1110,rb2210,SHFE,0_0_     1829881,     2426815,空,开,4973.0,1,2022-04-13 10:08:22
1111,rb2210,SHFE,0_0_     1830620,     2427672,空,开,4973.0,1,2022-04-13 10:08:29
1112,rb2210,SHFE,0_0_     1829107,     2428192,空,平今,4974.0,7,2022-04-13 10:08:34
1113,rb2210,SHFE,0_0_     1832422,     2428317,多,开,4973.0,7,2022-04-13 10:08:36
1114,rb2210,SHFE,0_0_     1818254,     2431173,多,平今,4971.0,1,2022-04-13 10:09:07
1115,rb2210,SHFE,0_0_     1818254,     2431182,多,平今,4971.0,1,2022-04-13 10:09:07
1116,rb2210,SHFE,0_0_     1818254,     2431200,多,平今,4971.0,2,2022-04-13 10:09:08
1117,rb2210,SHFE,0_0_     1836256,     2432361,空,开,4972.0,1,2022-04-13 10:09:19
1118,rb2210,SHFE,0_0_     1836256,     2432455,空,开,4972.0,1,2022-04-13 10:09:19
1119,rb2210,SHFE,0_0_     1832615,     2440596,空,平今,4974.0,7,2022-04-13 10:10:41
1120,rb2210,SHFE,0_0_     1846204,     2441310,多,平今,4974.0,1,2022-04-13 10:10:48
1121,rb2210,SHFE,0_0_     1848461,     2442839,多,平今,4975.0,1,2022-04-13 10:11:03
1122,rb2210,SHFE,0_0_     1853458,     2452148,多,平今,4977.0,4,2022-04-13 10:12:13
1123,rb2210,SHFE,0_0_     1856331,     2452433,空,开,4977.0,8,2022-04-13 10:12:14
1124,rb2210,SHFE,0_0_     1857055,     2453402,多,平今,4977.000000000001,1,2022-04-13 10:12:25
1125,rb2210,SHFE,0_0_     1857633,     2453472,空,开,4978.0,1,2022-04-13 10:12:26
1126,rb2210,SHFE,0_0_     1857876,     2454161,多,平今,4977.0,2,2022-04-13 10:12:32
1127,rb2210,SHFE,0_0_     1859366,     2455179,空,开,4978.0,2,2022-04-13 10:12:43
1128,rb2210,SHFE,0_0_     1859412,     2456048,多,平今,4977.0,2,2022-04-13 10:12:52
1129,rb2210,SHFE,0_0_     1862409,     2458806,多,平今,4983.0,1,2022-04-13 10:13:14
1130,rb2210,SHFE,0_0_     1862409,     2458807,多,平今,4983.0,1,2022-04-13 10:13:14
1131,rb2210,SHFE,0_0_     1862409,     2458808,多,平今,4983.0,1,2022-04-13 10:13:14
1132,rb2210,SHFE,0_0_     1862409,     2458809,多,平今,4983.0,1,2022-04-13 10:13:14
1133,rb2210,SHFE,0_0_     1862409,     2458810,多,平今,4983.0,1,2022-04-13 10:13:14
1134,rb2210,SHFE,0_0_     1862409,     2458811,多,平今,4983.0,1,2022-04-13 10:13:14
1135,rb2210,SHFE,0_0_     1862782,     2459580,空,开,4984.0,1,2022-04-13 10:13:15
1136,rb2210,SHFE,0_0_     1866973,     2465371,空,开,4984.000000000001,1,2022-04-13 10:13:55
1137,rb2210,SHFE,0_0_     1867494,     2466188,空,开,4982.0,1,2022-04-13 10:13:59
1138,rb2210,SHFE,0_0_     1869591,     2480494,多,开,4990.0,4,2022-04-13 10:30:13
1139,rb2210,SHFE,0_0_     1869782,     2481386,空,开,4989.0,2,2022-04-13 10:30:18
1140,rb2210,SHFE,0_0_     1869793,     2481766,多,平今,4988.0,2,2022-04-13 10:30:20
1141,rb2210,SHFE,0_0_     1869870,     2481837,空,开,4989.0,2,2022-04-13 10:30:21
1142,rb2210,SHFE,0_0_     1869881,     2482042,多,平今,4988.0,1,2022-04-13 10:30:22
1143,rb2210,SHFE,0_0_     1869881,     2482043,多,平今,4988.0,1,2022-04-13 10:30:22
1144,rb2210,SHFE,0_0_     1869959,     2482552,多,平今,4989.0,1,2022-04-13 10:30:24
1145,rb2210,SHFE,0_0_     1869976,     2482709,多,开,4989.0,2,2022-04-13 10:30:24
1146,rb2210,SHFE,0_0_     1869976,     2482712,多,开,4989.0,1,2022-04-13 10:30:24
1147,rb2210,SHFE,0_0_     1869976,     2482715,多,开,4989.0,1,2022-04-13 10:30:25
1148,rb2210,SHFE,0_0_     1869684,     2483151,空,平今,4991.0,4,2022-04-13 10:30:26
1149,rb2210,SHFE,0_0_     1870050,     2483440,多,开,4990.0,3,2022-04-13 10:30:28
1150,rb2210,SHFE,0_0_     1870086,     2483573,空,平今,4991.0,4,2022-04-13 10:30:28
1151,rb2210,SHFE,0_0_     1870091,     2483579,空,开,4991.0,4,2022-04-13 10:30:28
1152,rb2210,SHFE,0_0_     1870186,     2484297,多,平今,4991.0,2,2022-04-13 10:30:32
1153,rb2210,SHFE,0_0_     1870122,     2484549,多,平今,4990.0,1,2022-04-13 10:30:33
1154,rb2210,SHFE,0_0_     1870122,     2484552,多,平今,4990.0,1,2022-04-13 10:30:34
1155,rb2210,SHFE,0_0_     1870122,     2484571,多,平今,4990.0,1,2022-04-13 10:30:34
1156,rb2210,SHFE,0_0_     1870122,     2484600,多,平今,4990.0,1,2022-04-13 10:30:34
1157,rb2210,SHFE,0_0_     1870304,     2484684,空,开,4991.0,2,2022-04-13 10:30:34
1158,rb2210,SHFE,0_0_     1870322,     2485112,多,平今,4990.0,2,2022-04-13 10:30:37
1159,rb2210,SHFE,0_0_     1870395,     2485121,空,开,4991.0,2,2022-04-13 10:30:37
1160,rb2210,SHFE,0_0_     1870220,     2485166,空,平今,4992.0,2,2022-04-13 10:30:37
1161,rb2210,SHFE,0_0_     1870407,     2485180,多,开,4991.0,1,2022-04-13 10:30:37
1162,rb2210,SHFE,0_0_     1870407,     2485182,多,开,4991.0,2,2022-04-13 10:30:37
1163,rb2210,SHFE,0_0_     1870398,     2485595,多,平今,4990.0,2,2022-04-13 10:30:39
1164,rb2210,SHFE,0_0_     1870475,     2485715,空,平今,4991.0,2,2022-04-13 10:30:40
1165,rb2210,SHFE,0_0_     1871020,     2491157,多,开,4999.0,1,2022-04-13 10:30:56
1166,rb2210,SHFE,0_0_     1871022,     2491246,空,平今,5000.0,1,2022-04-13 10:30:56
1167,rb2210,SHFE,0_0_     1871028,     2491264,多,开,4999.0,1,2022-04-13 10:30:56
1168,rb2210,SHFE,0_0_     1871033,     2491288,空,平今,5000.0,1,2022-04-13 10:30:56
1169,rb2210,SHFE,0_0_     1872209,     2499944,空,开,4996.0,4,2022-04-13 10:31:32
1170,rb2210,SHFE,0_0_     1872418,     2500331,多,平今,4995.0,1,2022-04-13 10:31:34
1171,rb2210,SHFE,0_0_     1872477,     2500453,空,平今,4995.0,1,2022-04-13 10:31:34
1172,rb2210,SHFE,0_0_     1873278,     2504823,空,平今,5000.0,1,2022-04-13 10:31:51
1173,rb2210,SHFE,0_0_     1873368,     2504956,空,开,5000.0,1,2022-04-13 10:31:52
1174,rb2210,SHFE,0_0_     1873511,     2507885,多,平今,4997.0,3,2022-04-13 10:32:03
1175,rb2210,SHFE,0_0_     1873954,     2508066,空,开,4998.0,1,2022-04-13 10:32:04
1176,rb2210,SHFE,0_0_     1873954,     2508136,空,开,4998.0,1,2022-04-13 10:32:04
1177,rb2210,SHFE,0_0_     1873954,     2508156,空,开,4998.0,1,2022-04-13 10:32:04
1178,rb2210,SHFE,0_0_     1874730,     2511425,多,平今,5000.0,4,2022-04-13 10:32:21
1179,rb2210,SHFE,0_0_     1874870,     2512033,空,开,5000.0,1,2022-04-13 10:32:24
1180,rb2210,SHFE,0_0_     1875064,     2512557,空,开,5000.0,2,2022-04-13 10:32:27
1181,rb2210,SHFE,0_0_     1875192,     2513472,空,开,4999.0,4,2022-04-13 10:32:31
1182,rb2210,SHFE,0_0_     1875260,     2513672,多,平今,4998.0,1,2022-04-13 10:32:32
1183,rb2210,SHFE,0_0_     1875260,     2513673,多,平今,4998.0,3,2022-04-13 10:32:32
1184,rb2210,SHFE,0_0_     1875295,     2513790,空,开,4999.0,4,2022-04-13 10:32:32
1185,rb2210,SHFE,0_0_     1875353,     2514053,多,开,5000.0,8,2022-04-13 10:32:34
1186,rb2210,SHFE,0_0_     1875306,     2516610,多,平今,4998.0,1,2022-04-13 10:32:48
1187,rb2210,SHFE,0_0_     1875306,     2516621,多,平今,4998.0,1,2022-04-13 10:32:48
1188,rb2210,SHFE,0_0_     1875306,     2516801,多,平今,4998.0,1,2022-04-13 10:32:48
1189,rb2210,SHFE,0_0_     1875306,     2516803,多,平今,4998.0,1,2022-04-13 10:32:48
1190,rb2210,SHFE,0_0_     1876338,     2517106,空,平今,4999.0,2,2022-04-13 10:32:50
1191,rb2210,SHFE,0_0_     1876338,     2517148,空,平今,4999.0,1,2022-04-13 10:32:50
1192,rb2210,SHFE,0_0_     1876347,     2517609,多,平今,4998.0,3,2022-04-13 10:32:51
1193,rb2210,SHFE,0_0_     1876459,     2524297,空,平今,4999.0,3,2022-04-13 10:33:38
1194,rb2210,SHFE,0_0_     1880145,     2525883,多,开,4998.0,3,2022-04-13 10:33:46
1195,rb2210,SHFE,0_0_     1880888,     2526040,空,平今,4999.0,3,2022-04-13 10:33:48
1196,rb2210,SHFE,0_0_     1879924,     2526266,多,开,4997.0,2,2022-04-13 10:33:51
1197,rb2210,SHFE,0_0_     1882626,     2528614,空,开,4995.0,3,2022-04-13 10:34:07
1198,rb2210,SHFE,0_0_     1884939,     2533664,空,平今,4994.0,2,2022-04-13 10:34:37
1199,rb2210,SHFE,0_0_     1885199,     2535327,多,平今,4993.0,1,2022-04-13 10:34:50
1200,rb2210,SHFE,0_0_     1885199,     2535341,多,平今,4993.0,1,2022-04-13 10:34:50
1201,rb2210,SHFE,0_0_     1886506,     2535867,空,开,4994.0,2,2022-04-13 10:34:55
1202,rb2210,SHFE,0_0_     1881277,     2537527,空,平今,4998.0,1,2022-04-13 10:35:03
1203,rb2210,SHFE,0_0_     1881277,     2537622,空,平今,4998.0,1,2022-04-13 10:35:04
1204,rb2210,SHFE,0_0_     1891562,     2545245,多,开,5001.0,8,2022-04-13 10:35:37
1205,rb2210,SHFE,0_0_     1892052,     2546422,空,平今,5004.0,2,2022-04-13 10:35:42
1206,rb2210,SHFE,0_0_     1892052,     2546430,空,平今,5004.0,2,2022-04-13 10:35:42
1207,rb2210,SHFE,0_0_     1892361,     2547256,多,平今,5003.0,1,2022-04-13 10:35:47
1208,rb2210,SHFE,0_0_     1888844,     2550300,多,平今,4997.0,1,2022-04-13 10:36:03
1209,rb2210,SHFE,0_0_     1894447,     2550317,空,平今,4998.0,1,2022-04-13 10:36:03
1210,rb2210,SHFE,0_0_     1894826,     2551255,空,开,4999.0,4,2022-04-13 10:36:09
1211,rb2210,SHFE,0_0_     1896558,     2554979,多,平今,4997.0,3,2022-04-13 10:36:29
1212,rb2210,SHFE,0_0_     1896651,     2555053,空,开,4998.0,3,2022-04-13 10:36:29
1213,rb2210,SHFE,0_0_     1897322,     2557848,空,开,4999.0,3,2022-04-13 10:36:42
1214,rb2210,SHFE,0_0_     1892655,     2569608,空,平今,5004.0,1,2022-04-13 10:37:59
1215,rb2210,SHFE,0_0_     1892655,     2569611,空,平今,5004.0,1,2022-04-13 10:37:59
1216,rb2210,SHFE,0_0_     1892655,     2569613,空,平今,5004.0,1,2022-04-13 10:37:59
1217,rb2210,SHFE,0_0_     1905824,     2569776,多,平今,5003.0,1,2022-04-13 10:38:00
1218,rb2210,SHFE,0_0_     1905963,     2569931,多,平今,5003.0,1,2022-04-13 10:38:01
1219,rb2210,SHFE,0_0_     1907124,     2572196,空,开,5002.0,2,2022-04-13 10:38:15
1220,rb2210,SHFE,0_0_     1913749,     2580386,多,平今,4998.0,8,2022-04-13 10:39:11
1221,rb2210,SHFE,0_0_     1913834,     2580671,空,开,4998.0,3,2022-04-13 10:39:13
1222,rb2210,SHFE,0_0_     1913834,     2580672,空,开,4998.0,1,2022-04-13 10:39:13
1223,rb2210,SHFE,0_0_     1914257,     2588546,多,平今,4997.0,1,2022-04-13 10:40:13
1224,rb2210,SHFE,0_0_     1920617,     2588566,空,开,4998.0,1,2022-04-13 10:40:13
1225,rb2210,SHFE,0_0_     1927966,     2604314,空,开,4993.0,2,2022-04-13 10:41:49
1226,rb2210,SHFE,0_0_     1930436,     2604486,多,平今,4992.0,2,2022-04-13 10:41:51
1227,rb2210,SHFE,0_0_     1930750,     2604535,多,开,4992.0,8,2022-04-13 10:41:52
1228,rb2210,SHFE,0_0_     1930699,     2604553,空,开,4993.0,3,2022-04-13 10:41:52
1229,rb2210,SHFE,0_0_     1930878,     2604595,多,平今,4992.0,3,2022-04-13 10:41:52
1230,rb2210,SHFE,0_0_     1930887,     2604633,空,平今,4993.0,1,2022-04-13 10:41:53
1231,rb2210,SHFE,0_0_     1930887,     2604662,空,平今,4993.0,2,2022-04-13 10:41:54
1232,rb2210,SHFE,0_0_     1930966,     2604697,多,平今,4992.0,2,2022-04-13 10:41:54
1233,rb2210,SHFE,0_0_     1930993,     2604746,空,平今,4993.0,1,2022-04-13 10:41:54
