,code,exchange,orderid,tradeid,direction,offset,price,volume,datetime
0,rb2210,SHFE,0_0_      158008,      407369,空,开,5118.0,3,2022-04-06 21:19:47
1,rb2210,SHFE,0_0_      158336,      407776,多,平今,5118.0,3,2022-04-06 21:19:49
2,rb2210,SHFE,0_0_      161919,      412336,空,开,5116.0,4,2022-04-06 21:20:10
3,rb2210,SHFE,0_0_      161919,      412355,空,开,5116.0,4,2022-04-06 21:20:10
4,rb2210,SHFE,0_0_      167463,      417517,多,平今,5118.0,1,2022-04-06 21:20:39
5,rb2210,SHFE,0_0_      167578,      417716,多,平今,5118.0,1,2022-04-06 21:20:40
6,rb2210,SHFE,0_0_      168001,      418416,多,平今,5118.0,1,2022-04-06 21:20:45
7,rb2210,SHFE,0_0_      168845,      419479,空,开,5119.0,1,2022-04-06 21:20:50
8,rb2210,SHFE,0_0_      175939,      428063,多,平今,5113.0,2,2022-04-06 21:21:31
9,rb2210,SHFE,0_0_      175939,      428102,多,平今,5113.0,1,2022-04-06 21:21:31
10,rb2210,SHFE,0_0_      203114,      463727,多,开,5110.0,4,2022-04-06 21:24:42
11,rb2210,SHFE,0_0_      203206,      473244,空,平今,5111.0,1,2022-04-06 21:25:16
12,rb2210,SHFE,0_0_      203206,      473756,空,平今,5111.0,3,2022-04-06 21:25:19
13,rb2210,SHFE,0_0_      211010,      473787,多,平今,5110.0,3,2022-04-06 21:25:19
14,rb2210,SHFE,0_0_      231590,      497995,多,开,5109.0,1,2022-04-06 21:27:21
15,rb2210,SHFE,0_0_      233033,      499166,多,开,5110.0,1,2022-04-06 21:27:30
16,rb2210,SHFE,0_0_      189992,      506586,空,开,5116.0,3,2022-04-06 21:28:18
17,rb2210,SHFE,0_0_      270092,      539083,空,平今,5121.0,1,2022-04-06 21:31:09
18,rb2210,SHFE,0_0_      270112,      539332,多,平今,5120.0,1,2022-04-06 21:31:11
19,rb2210,SHFE,0_0_      293328,      561904,空,开,5119.0,3,2022-04-06 21:33:39
20,rb2210,SHFE,0_0_      298565,      566178,多,平今,5116.0,1,2022-04-06 21:34:10
21,rb2210,SHFE,0_0_      249220,      566466,多,开,5115.0,3,2022-04-06 21:34:11
22,rb2210,SHFE,0_0_      249220,      566467,多,开,5115.0,1,2022-04-06 21:34:11
23,rb2210,SHFE,0_0_      299548,      567053,空,平今,5116.0,2,2022-04-06 21:34:16
24,rb2210,SHFE,0_0_      299548,      567068,空,平今,5116.0,1,2022-04-06 21:34:16
25,rb2210,SHFE,0_0_      299548,      567089,空,平今,5116.0,1,2022-04-06 21:34:17
26,rb2210,SHFE,0_0_      299412,      568785,空,开,5117.0,1,2022-04-06 21:34:24
27,rb2210,SHFE,0_0_      306445,      575677,多,平今,5117.0,1,2022-04-06 21:35:05
28,rb2210,SHFE,0_0_      311080,      581782,多,平今,5119.0,1,2022-04-06 21:35:35
29,rb2210,SHFE,0_0_      270267,      582998,空,平今,5121.0,1,2022-04-06 21:35:44
30,rb2210,SHFE,0_0_      313758,      583107,多,平今,5120.0,1,2022-04-06 21:35:44
31,rb2210,SHFE,0_0_      314984,      584662,空,开,5120.0,1,2022-04-06 21:35:55
32,rb2210,SHFE,0_0_      314984,      584665,空,开,5120.0,4,2022-04-06 21:35:55
33,rb2210,SHFE,0_0_      314984,      584673,空,开,5120.0,1,2022-04-06 21:35:55
34,rb2210,SHFE,0_0_      358231,      628661,多,平今,5111.0,1,2022-04-06 21:40:36
35,rb2210,SHFE,0_0_      361668,      632648,多,平今,5112.0,1,2022-04-06 21:41:00
36,rb2210,SHFE,0_0_      361668,      632679,多,平今,5112.0,1,2022-04-06 21:41:00
37,rb2210,SHFE,0_0_      361668,      632820,多,平今,5112.0,1,2022-04-06 21:41:01
38,rb2210,SHFE,0_0_      361668,      632856,多,平今,5112.0,1,2022-04-06 21:41:02
39,rb2210,SHFE,0_0_      361668,      632966,多,平今,5112.0,1,2022-04-06 21:41:02
40,rb2210,SHFE,0_0_      361668,      633052,多,平今,5112.0,1,2022-04-06 21:41:02
41,rb2210,SHFE,0_0_      373411,      644036,多,开,5114.0,5,2022-04-06 21:42:10
42,rb2210,SHFE,0_0_      373584,      644673,空,平今,5115.0,4,2022-04-06 21:42:15
43,rb2210,SHFE,0_0_      377635,      649361,多,开,5113.0,4,2022-04-06 21:42:39
44,rb2210,SHFE,0_0_      379087,      651222,多,平今,5113.0,1,2022-04-06 21:42:49
45,rb2210,SHFE,0_0_      393970,      671396,多,开,5109.0,3,2022-04-06 21:44:35
46,rb2210,SHFE,0_0_      394608,      672699,空,平今,5110.0,2,2022-04-06 21:44:41
47,rb2210,SHFE,0_0_      395053,      673109,空,平今,5110.0,1,2022-04-06 21:44:43
48,rb2210,SHFE,0_0_      395053,      673117,空,平今,5110.0,2,2022-04-06 21:44:43
49,rb2210,SHFE,0_0_      395278,      673882,多,开,5109.0,1,2022-04-06 21:44:47
50,rb2210,SHFE,0_0_      395599,      673934,空,平今,5110.0,1,2022-04-06 21:44:48
51,rb2210,SHFE,0_0_      395599,      673940,空,平今,5110.0,1,2022-04-06 21:44:48
52,rb2210,SHFE,0_0_      395599,      673942,空,平今,5110.0,1,2022-04-06 21:44:48
53,rb2210,SHFE,0_0_      399610,      680999,空,开,5117.0,8,2022-04-06 21:45:13
54,rb2210,SHFE,0_0_      399908,      681238,多,平今,5117.0,5,2022-04-06 21:45:14
55,rb2210,SHFE,0_0_      399908,      681239,多,平今,5117.0,1,2022-04-06 21:45:14
56,rb2210,SHFE,0_0_      399908,      681240,多,平今,5118.0,1,2022-04-06 21:45:14
57,rb2210,SHFE,0_0_      399967,      681588,多,开,5117.0,4,2022-04-06 21:45:15
58,rb2210,SHFE,0_0_      400259,      682189,多,开,5119.0,2,2022-04-06 21:45:16
59,rb2210,SHFE,0_0_      401185,      683448,多,平今,5120.0,1,2022-04-06 21:45:21
60,rb2210,SHFE,0_0_      412119,      696390,空,平今,5117.0,1,2022-04-06 21:46:47
61,rb2210,SHFE,0_0_      412119,      696402,空,平今,5117.0,1,2022-04-06 21:46:47
62,rb2210,SHFE,0_0_      412119,      696406,空,平今,5117.0,1,2022-04-06 21:46:47
63,rb2210,SHFE,0_0_      401260,      701915,空,平今,5121.0,1,2022-04-06 21:47:30
64,rb2210,SHFE,0_0_      417768,      702152,多,开,5120.0,1,2022-04-06 21:47:31
65,rb2210,SHFE,0_0_      418283,      704552,多,开,5120.0,3,2022-04-06 21:47:42
66,rb2210,SHFE,0_0_      419154,      707461,空,平今,5121.0,4,2022-04-06 21:48:01
67,rb2210,SHFE,0_0_      421478,      707594,多,开,5120.0,1,2022-04-06 21:48:02
68,rb2210,SHFE,0_0_      421478,      707598,多,开,5120.0,1,2022-04-06 21:48:02
69,rb2210,SHFE,0_0_      421478,      707674,多,开,5120.0,1,2022-04-06 21:48:02
70,rb2210,SHFE,0_0_      421478,      707708,多,开,5120.0,1,2022-04-06 21:48:03
71,rb2210,SHFE,0_0_      421670,      708136,空,平今,5121.0,1,2022-04-06 21:48:06
72,rb2210,SHFE,0_0_      422886,      709277,多,开,5122.0,1,2022-04-06 21:48:11
73,rb2210,SHFE,0_0_      425877,      714853,空,平今,5131.0,7,2022-04-06 21:48:30
74,rb2210,SHFE,0_0_      427201,      717554,空,开,5132.0,1,2022-04-06 21:48:40
75,rb2210,SHFE,0_0_      427451,      717563,多,平今,5131.0,1,2022-04-06 21:48:40
76,rb2210,SHFE,0_0_      427452,      717621,空,开,5132.0,1,2022-04-06 21:48:41
77,rb2210,SHFE,0_0_      427502,      717661,多,平今,5131.0,1,2022-04-06 21:48:41
78,rb2210,SHFE,0_0_      427524,      717837,空,开,5132.0,1,2022-04-06 21:48:42
79,rb2210,SHFE,0_0_      427690,      717984,多,平今,5131.0,1,2022-04-06 21:48:42
80,rb2210,SHFE,0_0_      427694,      718003,空,开,5132.0,1,2022-04-06 21:48:42
81,rb2210,SHFE,0_0_      427699,      718962,多,平今,5131.0,1,2022-04-06 21:48:47
82,rb2210,SHFE,0_0_      428110,      719091,空,开,5132.0,4,2022-04-06 21:48:47
83,rb2210,SHFE,0_0_      428143,      719195,多,平今,5133.0,4,2022-04-06 21:48:48
84,rb2210,SHFE,0_0_      426128,      721485,多,开,5130.0,1,2022-04-06 21:48:59
85,rb2210,SHFE,0_0_      426128,      721488,多,开,5130.0,1,2022-04-06 21:48:59
86,rb2210,SHFE,0_0_      429733,      721644,空,开,5131.0,3,2022-04-06 21:49:00
87,rb2210,SHFE,0_0_      428169,      723062,空,开,5134.0,4,2022-04-06 21:49:06
88,rb2210,SHFE,0_0_      430675,      723309,多,平今,5133.0,4,2022-04-06 21:49:06
89,rb2210,SHFE,0_0_      430673,      723329,多,开,5132.0,4,2022-04-06 21:49:06
90,rb2210,SHFE,0_0_      430688,      723337,空,平今,5133.0,1,2022-04-06 21:49:06
91,rb2210,SHFE,0_0_      430688,      723339,空,平今,5133.0,3,2022-04-06 21:49:06
92,rb2210,SHFE,0_0_      431391,      725452,多,开,5136.0,1,2022-04-06 21:49:12
93,rb2210,SHFE,0_0_      431701,      726180,空,平今,5137.0,3,2022-04-06 21:49:15
94,rb2210,SHFE,0_0_      431757,      726257,多,平今,5136.000000000001,3,2022-04-06 21:49:15
95,rb2210,SHFE,0_0_      432522,      727264,多,开,5136.0,4,2022-04-06 21:49:20
96,rb2210,SHFE,0_0_      432663,      727798,空,平今,5136.0,1,2022-04-06 21:49:23
97,rb2210,SHFE,0_0_      432992,      728133,空,平今,5136.0,3,2022-04-06 21:49:26
98,rb2210,SHFE,0_0_      430691,      729495,多,开,5132.0,4,2022-04-06 21:49:33
99,rb2210,SHFE,0_0_      433985,      729502,空,平今,5133.0,4,2022-04-06 21:49:34
100,rb2210,SHFE,0_0_      434127,      729872,空,开,5133.000000000001,1,2022-04-06 21:49:36
101,rb2210,SHFE,0_0_      436401,      732112,多,开,5132.0,1,2022-04-06 21:49:55
102,rb2210,SHFE,0_0_      436401,      734405,多,开,5132.0,2,2022-04-06 21:50:04
103,rb2210,SHFE,0_0_      436401,      734407,多,开,5132.0,2,2022-04-06 21:50:04
104,rb2210,SHFE,0_0_      436401,      734408,多,开,5132.0,2,2022-04-06 21:50:04
105,rb2210,SHFE,0_0_      439117,      736554,空,开,5130.0,4,2022-04-06 21:50:12
106,rb2210,SHFE,0_0_      438263,      739572,空,平今,5132.0,4,2022-04-06 21:50:29
107,rb2210,SHFE,0_0_      441600,      739591,多,平今,5131.0,1,2022-04-06 21:50:30
108,rb2210,SHFE,0_0_      441600,      739593,多,平今,5131.0,3,2022-04-06 21:50:30
109,rb2210,SHFE,0_0_      444365,      743251,空,平今,5133.0,1,2022-04-06 21:50:52
110,rb2210,SHFE,0_0_      444365,      743279,空,平今,5133.0,2,2022-04-06 21:50:52
111,rb2210,SHFE,0_0_      433035,      745757,空,开,5137.000000000001,3,2022-04-06 21:51:09
112,rb2210,SHFE,0_0_      446859,      746019,多,平今,5136.0,3,2022-04-06 21:51:10
113,rb2210,SHFE,0_0_      449456,      748087,空,开,5131.0,1,2022-04-06 21:51:23
114,rb2210,SHFE,0_0_      449456,      748089,空,开,5131.0,1,2022-04-06 21:51:23
115,rb2210,SHFE,0_0_      461859,      760080,多,平今,5130.0,1,2022-04-06 21:53:10
116,rb2210,SHFE,0_0_      468565,      800380,多,开,5127.0,2,2022-04-06 21:59:17
117,rb2210,SHFE,0_0_      468565,      800430,多,开,5127.0,1,2022-04-06 21:59:18
118,rb2210,SHFE,0_0_      512821,      815011,空,平今,5133.0,1,2022-04-06 22:00:24
119,rb2210,SHFE,0_0_      520931,      824568,多,开,5130.0,4,2022-04-06 22:01:15
120,rb2210,SHFE,0_0_      535371,      839141,空,平今,5129.0,1,2022-04-06 22:03:08
121,rb2210,SHFE,0_0_      535371,      839167,空,平今,5129.0,1,2022-04-06 22:03:09
122,rb2210,SHFE,0_0_      537866,      843178,多,开,5128.0,4,2022-04-06 22:03:51
123,rb2210,SHFE,0_0_      550494,      854150,空,平今,5127.0,4,2022-04-06 22:05:50
124,rb2210,SHFE,0_0_      552168,      854253,多,开,5127.0,4,2022-04-06 22:05:50
125,rb2210,SHFE,0_0_      564902,      864753,空,平今,5126.0,1,2022-04-06 22:07:53
126,rb2210,SHFE,0_0_      578184,      876063,多,平今,5117.0,2,2022-04-06 22:09:52
127,rb2210,SHFE,0_0_      578399,      876068,空,平今,5118.0,2,2022-04-06 22:09:52
128,rb2210,SHFE,0_0_      593804,      893034,多,开,5132.0,3,2022-04-06 22:12:02
129,rb2210,SHFE,0_0_      596983,      896460,空,平今,5131.0,1,2022-04-06 22:12:33
130,rb2210,SHFE,0_0_      597868,      897002,空,平今,5131.0,1,2022-04-06 22:12:38
131,rb2210,SHFE,0_0_      597868,      897051,空,平今,5131.0,1,2022-04-06 22:12:38
132,rb2210,SHFE,0_0_      597868,      897053,空,平今,5131.0,1,2022-04-06 22:12:38
133,rb2210,SHFE,0_0_      602789,      901684,多,开,5130.0,1,2022-04-06 22:13:19
134,rb2210,SHFE,0_0_      604193,      903682,多,开,5130.0,1,2022-04-06 22:13:34
135,rb2210,SHFE,0_0_      606460,      905777,多,开,5130.0,1,2022-04-06 22:13:47
136,rb2210,SHFE,0_0_      618790,      917405,多,开,5126.0,1,2022-04-06 22:15:35
137,rb2210,SHFE,0_0_      606782,      927273,空,平今,5131.0,1,2022-04-06 22:17:11
138,rb2210,SHFE,0_0_      633879,      932996,空,平今,5132.0,4,2022-04-06 22:17:58
139,rb2210,SHFE,0_0_      635714,      934130,空,平今,5132.0,1,2022-04-06 22:18:09
140,rb2210,SHFE,0_0_      636041,      934882,多,开,5131.0,1,2022-04-06 22:18:18
141,rb2210,SHFE,0_0_      644654,      941220,空,平今,5133.0,1,2022-04-06 22:19:25
142,rb2210,SHFE,0_0_      659986,      955426,空,开,5130.0,2,2022-04-06 22:21:33
143,rb2210,SHFE,0_0_      659986,      955463,空,开,5130.0,1,2022-04-06 22:21:34
144,rb2210,SHFE,0_0_      660109,      956229,多,平今,5129.000000000001,1,2022-04-06 22:21:43
145,rb2210,SHFE,0_0_      661023,      956996,空,平今,5130.0,1,2022-04-06 22:21:52
146,rb2210,SHFE,0_0_      671362,      964766,多,平今,5129.0,1,2022-04-06 22:23:17
147,rb2210,SHFE,0_0_      680785,      975370,多,平今,5138.000000000001,1,2022-04-06 22:24:35
148,rb2210,SHFE,0_0_      681085,      975386,空,平今,5139.0,1,2022-04-06 22:24:35
149,rb2210,SHFE,0_0_      681086,      979223,多,开,5138.0,1,2022-04-06 22:25:02
150,rb2210,SHFE,0_0_      684742,      979536,空,平今,5139.000000000001,1,2022-04-06 22:25:05
151,rb2210,SHFE,0_0_      684997,      979725,多,开,5138.0,1,2022-04-06 22:25:07
152,rb2210,SHFE,0_0_      688984,      983230,多,开,5137.0,3,2022-04-06 22:25:43
153,rb2210,SHFE,0_0_      688984,      983237,多,开,5137.0,1,2022-04-06 22:25:43
154,rb2210,SHFE,0_0_      685181,      983867,空,平今,5139.0,1,2022-04-06 22:25:49
155,rb2210,SHFE,0_0_      689582,      984348,多,开,5138.0,1,2022-04-06 22:25:54
156,rb2210,SHFE,0_0_      689708,      984369,空,平今,5139.0,1,2022-04-06 22:25:54
157,rb2210,SHFE,0_0_      691240,      986227,空,平今,5141.0,1,2022-04-06 22:26:09
158,rb2210,SHFE,0_0_      691679,      986544,多,开,5140.0,2,2022-04-06 22:26:11
159,rb2210,SHFE,0_0_      692728,      987414,空,平今,5140.0,1,2022-04-06 22:26:20
160,rb2210,SHFE,0_0_      698361,      992516,多,开,5136.0,4,2022-04-06 22:27:19
161,rb2210,SHFE,0_0_      702511,      995060,空,平今,5137.0,1,2022-04-06 22:27:55
162,rb2210,SHFE,0_0_      719495,     1016427,空,平今,5131.0,1,2022-04-06 22:30:34
163,rb2210,SHFE,0_0_      719495,     1016542,空,平今,5131.0,1,2022-04-06 22:30:35
164,rb2210,SHFE,0_0_      717380,     1019302,空,平今,5132.0,2,2022-04-06 22:30:50
165,rb2210,SHFE,0_0_      727024,     1023134,空,开,5128.0,4,2022-04-06 22:31:17
166,rb2210,SHFE,0_0_      727024,     1023135,空,开,5128.0,1,2022-04-06 22:31:17
167,rb2210,SHFE,0_0_      727024,     1023136,空,开,5128.0,3,2022-04-06 22:31:17
168,rb2210,SHFE,0_0_      758403,     1052666,多,平今,5132.0,1,2022-04-06 22:36:04
169,rb2210,SHFE,0_0_      759654,     1053025,空,平今,5132.0,1,2022-04-06 22:36:08
170,rb2210,SHFE,0_0_      765756,     1058072,多,平今,5133.0,1,2022-04-06 22:36:59
171,rb2210,SHFE,0_0_      765756,     1058073,多,平今,5133.0,3,2022-04-06 22:36:59
172,rb2210,SHFE,0_0_      769013,     1059779,空,平今,5133.0,2,2022-04-06 22:37:21
173,rb2210,SHFE,0_0_      769539,     1060171,空,开,5133.0,1,2022-04-06 22:37:28
174,rb2210,SHFE,0_0_      769898,     1060362,空,开,5133.0,4,2022-04-06 22:37:31
175,rb2210,SHFE,0_0_      782109,     1073905,多,平今,5133.0,2,2022-04-06 22:39:31
176,rb2210,SHFE,0_0_      782109,     1073907,多,平今,5133.0,2,2022-04-06 22:39:31
177,rb2210,SHFE,0_0_      782109,     1073908,多,平今,5133.0,1,2022-04-06 22:39:31
178,rb2210,SHFE,0_0_      782109,     1074040,多,平今,5133.0,1,2022-04-06 22:39:32
179,rb2210,SHFE,0_0_      782109,     1074101,多,平今,5133.0,1,2022-04-06 22:39:32
180,rb2210,SHFE,0_0_      782974,     1074794,空,开,5133.0,1,2022-04-06 22:39:43
181,rb2210,SHFE,0_0_      791263,     1082402,多,平今,5134.0,1,2022-04-06 22:41:03
182,rb2210,SHFE,0_0_      824518,     1113327,多,平今,5125.000000000001,1,2022-04-06 22:45:35
183,rb2210,SHFE,0_0_      824556,     1113377,空,开,5126.0,1,2022-04-06 22:45:35
184,rb2210,SHFE,0_0_      824580,     1113379,多,平今,5125.0,1,2022-04-06 22:45:35
185,rb2210,SHFE,0_0_      824585,     1113606,空,开,5126.0,1,2022-04-06 22:45:37
186,rb2210,SHFE,0_0_      824824,     1113858,多,平今,5125.0,1,2022-04-06 22:45:39
187,rb2210,SHFE,0_0_      827757,     1116071,多,开,5127.0,6,2022-04-06 22:46:00
188,rb2210,SHFE,0_0_      833740,     1123216,空,平今,5123.0,4,2022-04-06 22:46:44
189,rb2210,SHFE,0_0_      862355,     1149513,多,开,5120.0,2,2022-04-06 22:51:16
190,rb2210,SHFE,0_0_      865793,     1153068,空,平今,5120.000000000001,2,2022-04-06 22:51:52
191,rb2210,SHFE,0_0_      868201,     1155195,空,开,5117.0,2,2022-04-06 22:52:05
192,rb2210,SHFE,0_0_      868201,     1155196,空,开,5117.0,1,2022-04-06 22:52:05
193,rb2210,SHFE,0_0_      868201,     1155197,空,开,5117.0,2,2022-04-06 22:52:05
194,rb2210,SHFE,0_0_      868201,     1155198,空,开,5117.0,3,2022-04-06 22:52:05
195,rb2210,SHFE,0_0_      868381,     1155588,多,平今,5116.0,4,2022-04-06 22:52:06
196,rb2210,SHFE,0_0_      879189,     1165157,空,平今,5114.0,1,2022-04-06 22:53:25
197,rb2210,SHFE,0_0_      879315,     1165198,多,平今,5113.0,1,2022-04-06 22:53:25
198,rb2210,SHFE,0_0_      879316,     1165248,空,平今,5114.0,1,2022-04-06 22:53:26
199,rb2210,SHFE,0_0_      879335,     1165268,多,平今,5113.0,1,2022-04-06 22:53:26
200,rb2210,SHFE,0_0_      879336,     1165445,空,开,5114.0,1,2022-04-06 22:53:28
201,rb2210,SHFE,0_0_      879518,     1165633,多,平今,5113.0,1,2022-04-06 22:53:31
202,rb2210,SHFE,0_0_      879830,     1165701,空,开,5114.0,2,2022-04-06 22:53:32
203,rb2210,SHFE,0_0_      879939,     1167154,多,平今,5113.0,2,2022-04-06 22:53:50
204,rb2210,SHFE,0_0_      881603,     1167530,空,开,5114.000000000001,2,2022-04-06 22:53:55
205,rb2210,SHFE,0_0_      882159,     1167628,多,平今,5113.0,2,2022-04-06 22:53:55
206,rb2210,SHFE,0_0_      882806,     1168133,空,开,5113.0,4,2022-04-06 22:54:01
207,rb2210,SHFE,0_0_      882220,     1168671,空,开,5114.0,2,2022-04-06 22:54:06
208,rb2210,SHFE,0_0_      883529,     1168912,多,平今,5114.0,1,2022-04-06 22:54:09
209,rb2210,SHFE,0_0_      885479,     1171314,多,平今,5114.0,1,2022-04-06 22:54:30
210,rb2210,SHFE,0_0_      888789,     1174018,多,平今,5115.0,2,2022-04-06 22:55:00
211,rb2210,SHFE,0_0_      883459,     1175722,多,平今,5113.0,2,2022-04-06 22:55:10
212,rb2210,SHFE,0_0_      890401,     1175952,空,开,5114.0,1,2022-04-06 22:55:12
213,rb2210,SHFE,0_0_      890401,     1175956,空,开,5114.0,1,2022-04-06 22:55:12
214,rb2210,SHFE,0_0_      890748,     1176108,多,平今,5113.0,4,2022-04-06 22:55:13
215,rb2210,SHFE,0_0_      892588,     1178722,多,开,5111.0,1,2022-04-06 22:55:32
216,rb2210,SHFE,0_0_      892588,     1178727,多,开,5111.0,1,2022-04-06 22:55:32
217,rb2210,SHFE,0_0_      892588,     1178728,多,开,5111.0,2,2022-04-06 22:55:32
218,rb2210,SHFE,0_0_      893052,     1179273,空,平今,5111.0,4,2022-04-06 22:55:36
219,rb2210,SHFE,0_0_      895675,     1182439,多,开,5112.0,4,2022-04-06 22:55:58
220,rb2210,SHFE,0_0_      890844,     1183048,空,开,5114.0,4,2022-04-06 22:56:04
221,rb2210,SHFE,0_0_      896451,     1183109,多,平今,5113.0,2,2022-04-06 22:56:04
222,rb2210,SHFE,0_0_      896451,     1183112,多,平今,5113.0,2,2022-04-06 22:56:04
223,rb2210,SHFE,0_0_      899593,     1186265,空,平今,5110.0,4,2022-04-06 22:56:33
224,rb2210,SHFE,0_0_      900837,     1187613,多,开,5109.0,8,2022-04-06 22:56:47
225,rb2210,SHFE,0_0_      900873,     1187933,空,平今,5110.0,4,2022-04-06 22:56:50
226,rb2210,SHFE,0_0_      901250,     1188523,空,开,5108.0,2,2022-04-06 22:56:52
227,rb2210,SHFE,0_0_      901250,     1188524,空,开,5108.0,1,2022-04-06 22:56:52
228,rb2210,SHFE,0_0_      901250,     1188535,空,开,5108.0,1,2022-04-06 22:56:52
229,rb2210,SHFE,0_0_      904102,     1193646,空,开,5106.0,2,2022-04-06 22:57:13
230,rb2210,SHFE,0_0_      904929,     1195554,多,平今,5101.0,4,2022-04-06 22:57:19
231,rb2210,SHFE,0_0_      905003,     1195608,多,开,5101.0,3,2022-04-06 22:57:19
232,rb2210,SHFE,0_0_      906709,     1199570,空,平今,5103.0,2,2022-04-06 22:57:32
233,rb2210,SHFE,0_0_      909226,     1202834,空,开,5101.0,3,2022-04-06 22:57:57
234,rb2210,SHFE,0_0_      909226,     1202842,空,开,5101.0,1,2022-04-06 22:57:57
235,rb2210,SHFE,0_0_      909648,     1203544,多,平今,5100.0,1,2022-04-06 22:58:00
236,rb2210,SHFE,0_0_      909648,     1203545,多,平今,5100.0,1,2022-04-06 22:58:00
237,rb2210,SHFE,0_0_      909677,     1203569,空,开,5101.0,2,2022-04-06 22:58:00
238,rb2210,SHFE,0_0_      909682,     1204799,多,平今,5100.0,1,2022-04-06 22:58:07
239,rb2210,SHFE,0_0_      909682,     1204808,多,平今,5100.0,1,2022-04-06 22:58:07
240,rb2210,SHFE,0_0_      910656,     1205086,空,开,5100.0,4,2022-04-06 22:58:08
241,rb2210,SHFE,0_0_      911822,     1207346,空,平今,5098.0,1,2022-04-06 22:58:19
242,rb2210,SHFE,0_0_      912494,     1208674,多,平今,5099.0,1,2022-04-06 22:58:25
243,rb2210,SHFE,0_0_      912494,     1208688,多,平今,5099.0,1,2022-04-06 22:58:25
244,rb2210,SHFE,0_0_      911318,     1208834,空,平今,5100.0,4,2022-04-06 22:58:26
245,rb2210,SHFE,0_0_      913622,     1210162,空,开,5103.0,1,2022-04-06 22:58:34
246,rb2210,SHFE,0_0_      915421,     1212755,多,平今,5106.0,4,2022-04-06 22:58:52
247,rb2210,SHFE,0_0_     1303161,     1593207,空,开,5102.0,1,2022-04-07 09:00:25
248,rb2210,SHFE,0_0_     1303194,     1594372,空,开,5101.0,3,2022-04-07 09:00:27
249,rb2210,SHFE,0_0_     1303366,     1595791,多,平今,5101.0,1,2022-04-07 09:00:29
250,rb2210,SHFE,0_0_     1303391,     1596088,空,开,5102.0,1,2022-04-07 09:00:29
251,rb2210,SHFE,0_0_     1303403,     1596167,多,平今,5101.0,1,2022-04-07 09:00:29
252,rb2210,SHFE,0_0_     1303411,     1596196,空,开,5102.0,1,2022-04-07 09:00:29
253,rb2210,SHFE,0_0_     1303412,     1596240,多,平今,5101.0,1,2022-04-07 09:00:30
254,rb2210,SHFE,0_0_     1303425,     1596430,空,开,5102.0,1,2022-04-07 09:00:30
255,rb2210,SHFE,0_0_     1303432,     1597270,多,平今,5101.0,1,2022-04-07 09:00:31
256,rb2210,SHFE,0_0_     1303482,     1597362,空,开,5102.0,1,2022-04-07 09:00:31
257,rb2210,SHFE,0_0_     1304201,     1608354,多,开,5101.0,8,2022-04-07 09:00:51
258,rb2210,SHFE,0_0_     1304722,     1614543,空,平今,5103.0,1,2022-04-07 09:01:02
259,rb2210,SHFE,0_0_     1304722,     1614573,空,平今,5103.0,2,2022-04-07 09:01:02
260,rb2210,SHFE,0_0_     1304738,     1614775,多,平今,5102.0,3,2022-04-07 09:01:03
261,rb2210,SHFE,0_0_     1304752,     1615548,空,平今,5103.0,3,2022-04-07 09:01:04
262,rb2210,SHFE,0_0_     1304800,     1616190,多,平今,5102.0,1,2022-04-07 09:01:05
263,rb2210,SHFE,0_0_     1304800,     1616263,多,平今,5102.0,1,2022-04-07 09:01:05
264,rb2210,SHFE,0_0_     1304800,     1616515,多,平今,5102.0,1,2022-04-07 09:01:05
265,rb2210,SHFE,0_0_     1305051,     1619552,空,开,5103.0,1,2022-04-07 09:01:11
266,rb2210,SHFE,0_0_     1305051,     1619645,空,开,5103.0,2,2022-04-07 09:01:11
267,rb2210,SHFE,0_0_     1305097,     1620067,多,平今,5104.0,1,2022-04-07 09:01:12
268,rb2210,SHFE,0_0_     1305097,     1620265,多,平今,5104.0,2,2022-04-07 09:01:12
269,rb2210,SHFE,0_0_     1305097,     1620274,多,平今,5104.0,1,2022-04-07 09:01:12
270,rb2210,SHFE,0_0_     1305361,     1623058,多,开,5107.0,1,2022-04-07 09:01:19
271,rb2210,SHFE,0_0_     1306372,     1636405,多,开,5106.0,1,2022-04-07 09:01:55
272,rb2210,SHFE,0_0_     1306456,     1637559,多,开,5106.0,1,2022-04-07 09:01:57
273,rb2210,SHFE,0_0_     1310336,     1669779,空,平今,5104.0,4,2022-04-07 09:03:33
274,rb2210,SHFE,0_0_     1310854,     1673563,空,开,5099.0,1,2022-04-07 09:03:45
275,rb2210,SHFE,0_0_     1310854,     1673564,空,开,5099.0,2,2022-04-07 09:03:45
276,rb2210,SHFE,0_0_     1310854,     1673566,空,开,5099.0,3,2022-04-07 09:03:45
277,rb2210,SHFE,0_0_     1317827,     1707475,多,平今,5105.0,4,2022-04-07 09:05:30
278,rb2210,SHFE,0_0_     1320350,     1722391,多,平今,5097.0,1,2022-04-07 09:06:11
279,rb2210,SHFE,0_0_     1321009,     1723846,多,平今,5097.0,1,2022-04-07 09:06:17
280,rb2210,SHFE,0_0_     1331385,     1760131,空,开,5106.0,2,2022-04-07 09:08:25
281,rb2210,SHFE,0_0_     1331992,     1761415,多,平今,5104.0,1,2022-04-07 09:08:33
282,rb2210,SHFE,0_0_     1332428,     1761635,多,平今,5104.0,1,2022-04-07 09:08:35
283,rb2210,SHFE,0_0_     1332603,     1762450,空,开,5105.0,2,2022-04-07 09:08:40
284,rb2210,SHFE,0_0_     1333242,     1764022,多,开,5104.0,4,2022-04-07 09:08:50
285,rb2210,SHFE,0_0_     1338984,     1773210,空,平今,5101.0,1,2022-04-07 09:09:29
286,rb2210,SHFE,0_0_     1339635,     1774133,空,开,5101.0,1,2022-04-07 09:09:35
287,rb2210,SHFE,0_0_     1344939,     1784847,空,开,5101.0,4,2022-04-07 09:10:15
288,rb2210,SHFE,0_0_     1345524,     1785560,空,开,5102.0,1,2022-04-07 09:10:18
289,rb2210,SHFE,0_0_     1349203,     1789623,多,平今,5101.0,1,2022-04-07 09:10:40
290,rb2210,SHFE,0_0_     1349203,     1789630,多,平今,5101.0,1,2022-04-07 09:10:40
291,rb2210,SHFE,0_0_     1357310,     1799716,多,平今,5100.0,4,2022-04-07 09:11:28
292,rb2210,SHFE,0_0_     1362865,     1805275,多,平今,5097.0,1,2022-04-07 09:11:57
293,rb2210,SHFE,0_0_     1362951,     1805292,空,开,5098.0,1,2022-04-07 09:11:57
294,rb2210,SHFE,0_0_     1362959,     1805573,多,平今,5097.0,1,2022-04-07 09:11:59
295,rb2210,SHFE,0_0_     1364728,     1808276,空,平今,5094.0,1,2022-04-07 09:12:08
296,rb2210,SHFE,0_0_     1364728,     1808277,空,平今,5094.0,2,2022-04-07 09:12:08
297,rb2210,SHFE,0_0_     1364728,     1808278,空,平今,5094.0,1,2022-04-07 09:12:08
298,rb2210,SHFE,0_0_     1366248,     1809843,多,开,5092.0,1,2022-04-07 09:12:15
299,rb2210,SHFE,0_0_     1366248,     1809844,多,开,5092.0,1,2022-04-07 09:12:15
300,rb2210,SHFE,0_0_     1366994,     1812573,空,开,5092.0,4,2022-04-07 09:12:22
301,rb2210,SHFE,0_0_     1366134,     1812772,空,开,5093.0,1,2022-04-07 09:12:23
302,rb2210,SHFE,0_0_     1367646,     1812863,多,平今,5092.0,1,2022-04-07 09:12:24
303,rb2210,SHFE,0_0_     1376940,     1823432,多,平今,5094.0,4,2022-04-07 09:13:23
304,rb2210,SHFE,0_0_     1377108,     1824076,空,开,5095.0,4,2022-04-07 09:13:28
305,rb2210,SHFE,0_0_     1377642,     1824142,多,开,5094.0,3,2022-04-07 09:13:28
306,rb2210,SHFE,0_0_     1377642,     1824143,多,开,5094.0,1,2022-04-07 09:13:28
307,rb2210,SHFE,0_0_     1377642,     1824155,多,开,5094.0,1,2022-04-07 09:13:28
308,rb2210,SHFE,0_0_     1377642,     1824168,多,开,5094.0,1,2022-04-07 09:13:28
309,rb2210,SHFE,0_0_     1377744,     1824383,多,平今,5094.0,1,2022-04-07 09:13:29
310,rb2210,SHFE,0_0_     1377744,     1824385,多,平今,5094.0,1,2022-04-07 09:13:29
311,rb2210,SHFE,0_0_     1377744,     1824386,多,平今,5094.0,1,2022-04-07 09:13:29
312,rb2210,SHFE,0_0_     1367746,     1828224,多,平今,5092.000000000001,1,2022-04-07 09:13:57
313,rb2210,SHFE,0_0_     1380305,     1829044,空,平今,5091.0,2,2022-04-07 09:13:59
314,rb2210,SHFE,0_0_     1381151,     1831760,空,平今,5090.0,1,2022-04-07 09:14:09
315,rb2210,SHFE,0_0_     1381151,     1831767,空,平今,5090.0,1,2022-04-07 09:14:09
316,rb2210,SHFE,0_0_     1381151,     1831823,空,平今,5090.0,1,2022-04-07 09:14:09
317,rb2210,SHFE,0_0_     1381151,     1831829,空,平今,5090.0,1,2022-04-07 09:14:09
318,rb2210,SHFE,0_0_     1381653,     1832472,空,开,5090.0,4,2022-04-07 09:14:12
319,rb2210,SHFE,0_0_     1381861,     1832764,多,平今,5090.0,1,2022-04-07 09:14:13
320,rb2210,SHFE,0_0_     1381861,     1832765,多,平今,5090.0,3,2022-04-07 09:14:13
321,rb2210,SHFE,0_0_     1386271,     1839203,多,开,5094.000000000001,1,2022-04-07 09:14:45
322,rb2210,SHFE,0_0_     1386271,     1839317,多,开,5094.0,1,2022-04-07 09:14:45
323,rb2210,SHFE,0_0_     1397583,     1856606,多,开,5095.0,4,2022-04-07 09:15:52
324,rb2210,SHFE,0_0_     1397798,     1856840,空,平今,5095.0,4,2022-04-07 09:15:53
325,rb2210,SHFE,0_0_     1405378,     1867062,多,平今,5096.0,1,2022-04-07 09:16:49
326,rb2210,SHFE,0_0_     1363359,     1869510,空,开,5098.0,1,2022-04-07 09:17:04
327,rb2210,SHFE,0_0_     1407177,     1872265,多,平今,5097.0,1,2022-04-07 09:17:17
328,rb2210,SHFE,0_0_     1409131,     1872320,空,平今,5098.0,1,2022-04-07 09:17:17
329,rb2210,SHFE,0_0_     1417337,     1883109,多,开,5091.0,3,2022-04-07 09:18:21
330,rb2210,SHFE,0_0_     1418289,     1884098,空,平今,5092.0,3,2022-04-07 09:18:27
331,rb2210,SHFE,0_0_     1419012,     1889558,多,开,5091.0,1,2022-04-07 09:19:00
332,rb2210,SHFE,0_0_     1419012,     1889653,多,开,5091.0,1,2022-04-07 09:19:00
333,rb2210,SHFE,0_0_     1419012,     1889676,多,开,5091.0,1,2022-04-07 09:19:00
334,rb2210,SHFE,0_0_     1424830,     1890922,空,平今,5090.0,4,2022-04-07 09:19:05
335,rb2210,SHFE,0_0_     1425048,     1892468,空,开,5090.0,1,2022-04-07 09:19:16
336,rb2210,SHFE,0_0_     1425048,     1892580,空,开,5090.0,1,2022-04-07 09:19:17
337,rb2210,SHFE,0_0_     1425048,     1892640,空,开,5090.0,1,2022-04-07 09:19:17
338,rb2210,SHFE,0_0_     1425048,     1892650,空,开,5090.0,1,2022-04-07 09:19:17
339,rb2210,SHFE,0_0_     1427183,     1894447,多,开,5088.0,4,2022-04-07 09:19:25
340,rb2210,SHFE,0_0_     1427183,     1894448,多,开,5088.0,2,2022-04-07 09:19:25
341,rb2210,SHFE,0_0_     1427686,     1895130,空,平今,5088.0,4,2022-04-07 09:19:27
342,rb2210,SHFE,0_0_     1427932,     1895463,空,开,5088.0,1,2022-04-07 09:19:29
343,rb2210,SHFE,0_0_     1427932,     1895469,空,开,5088.0,1,2022-04-07 09:19:29
344,rb2210,SHFE,0_0_     1427932,     1895470,空,开,5088.0,2,2022-04-07 09:19:29
345,rb2210,SHFE,0_0_     1428441,     1896258,多,平今,5087.0,1,2022-04-07 09:19:32
346,rb2210,SHFE,0_0_     1428441,     1896259,多,平今,5087.0,3,2022-04-07 09:19:32
347,rb2210,SHFE,0_0_     1428634,     1896607,空,开,5088.0,3,2022-04-07 09:19:34
348,rb2210,SHFE,0_0_     1430648,     1901841,空,开,5086.000000000001,1,2022-04-07 09:19:52
349,rb2210,SHFE,0_0_     1429791,     1903131,空,平今,5087.0,2,2022-04-07 09:19:59
350,rb2210,SHFE,0_0_     1432502,     1913310,多,平今,5085.0,2,2022-04-07 09:21:00
351,rb2210,SHFE,0_0_     1441446,     1913601,空,开,5086.0,2,2022-04-07 09:21:00
352,rb2210,SHFE,0_0_     1424576,     1921417,空,平今,5092.0,1,2022-04-07 09:21:42
353,rb2210,SHFE,0_0_     1454538,     1931956,多,开,5089.0,6,2022-04-07 09:22:59
354,rb2210,SHFE,0_0_     1456211,     1931988,空,平今,5090.0,6,2022-04-07 09:22:59
355,rb2210,SHFE,0_0_     1441831,     1951096,多,平今,5086.0,3,2022-04-07 09:24:52
356,rb2210,SHFE,0_0_     1475044,     1951160,多,开,5087.0,2,2022-04-07 09:24:53
357,rb2210,SHFE,0_0_     1475044,     1951170,多,开,5087.0,2,2022-04-07 09:24:53
358,rb2210,SHFE,0_0_     1475375,     1951717,多,开,5087.0,3,2022-04-07 09:24:56
359,rb2210,SHFE,0_0_     1476803,     1953445,空,平今,5088.0,1,2022-04-07 09:25:08
360,rb2210,SHFE,0_0_     1476803,     1953531,空,平今,5088.0,1,2022-04-07 09:25:08
361,rb2210,SHFE,0_0_     1476803,     1953550,空,平今,5088.0,1,2022-04-07 09:25:09
362,rb2210,SHFE,0_0_     1476803,     1953647,空,平今,5088.0,1,2022-04-07 09:25:09
363,rb2210,SHFE,0_0_     1478279,     1957087,多,开,5087.0,2,2022-04-07 09:25:28
364,rb2210,SHFE,0_0_     1482074,     1961410,空,平今,5087.0,1,2022-04-07 09:25:43
365,rb2210,SHFE,0_0_     1482074,     1962081,空,平今,5087.0,1,2022-04-07 09:25:46
366,rb2210,SHFE,0_0_     1482074,     1962082,空,平今,5087.0,1,2022-04-07 09:25:46
367,rb2210,SHFE,0_0_     1482074,     1962083,空,平今,5087.0,1,2022-04-07 09:25:46
368,rb2210,SHFE,0_0_     1483142,     1962103,多,平今,5086.0,1,2022-04-07 09:25:46
369,rb2210,SHFE,0_0_     1483142,     1962106,多,平今,5086.0,1,2022-04-07 09:25:46
370,rb2210,SHFE,0_0_     1483142,     1962160,多,平今,5086.0,1,2022-04-07 09:25:47
371,rb2210,SHFE,0_0_     1483360,     1963621,空,开,5087.0,3,2022-04-07 09:25:55
372,rb2210,SHFE,0_0_     1480170,     1963734,空,平今,5088.0,2,2022-04-07 09:25:56
373,rb2210,SHFE,0_0_     1484816,     1964645,多,平今,5086.0,3,2022-04-07 09:26:00
374,rb2210,SHFE,0_0_     1485875,     1965137,多,开,5085.0,2,2022-04-07 09:26:01
375,rb2210,SHFE,0_0_     1485875,     1965167,多,开,5085.0,5,2022-04-07 09:26:01
376,rb2210,SHFE,0_0_     1485875,     1965206,多,开,5085.0,1,2022-04-07 09:26:01
377,rb2210,SHFE,0_0_     1485826,     1965364,空,开,5087.0,3,2022-04-07 09:26:02
378,rb2210,SHFE,0_0_     1487004,     1966325,空,平今,5088.0,1,2022-04-07 09:26:07
379,rb2210,SHFE,0_0_     1489975,     1970100,空,平今,5084.0,2,2022-04-07 09:26:27
380,rb2210,SHFE,0_0_     1489975,     1970127,空,平今,5084.0,1,2022-04-07 09:26:27
381,rb2210,SHFE,0_0_     1490199,     1970349,空,平今,5084.0,2,2022-04-07 09:26:28
382,rb2210,SHFE,0_0_     1490917,     1972329,多,平今,5081.0,4,2022-04-07 09:26:34
383,rb2210,SHFE,0_0_     1491252,     1972484,空,开,5082.0,1,2022-04-07 09:26:34
384,rb2210,SHFE,0_0_     1491262,     1972551,多,平今,5081.0,1,2022-04-07 09:26:35
385,rb2210,SHFE,0_0_     1491320,     1972778,多,开,5081.0,2,2022-04-07 09:26:36
386,rb2210,SHFE,0_0_     1491362,     1975131,空,开,5082.0,2,2022-04-07 09:26:41
387,rb2210,SHFE,0_0_     1492164,     1975854,空,开,5083.0,4,2022-04-07 09:26:43
388,rb2210,SHFE,0_0_     1492334,     1976037,多,平今,5082.0,4,2022-04-07 09:26:44
389,rb2210,SHFE,0_0_     1492411,     1976144,空,开,5083.0,3,2022-04-07 09:26:44
390,rb2210,SHFE,0_0_     1492411,     1976171,空,开,5083.0,1,2022-04-07 09:26:45
391,rb2210,SHFE,0_0_     1492492,     1976368,多,平今,5082.0,3,2022-04-07 09:26:45
392,rb2210,SHFE,0_0_     1492623,     1977296,空,开,5083.0,2,2022-04-07 09:26:49
393,rb2210,SHFE,0_0_     1492623,     1977298,空,开,5083.0,1,2022-04-07 09:26:49
394,rb2210,SHFE,0_0_     1493682,     1978987,空,开,5081.0,1,2022-04-07 09:26:56
395,rb2210,SHFE,0_0_     1494671,     1981623,空,平今,5076.0,1,2022-04-07 09:27:02
396,rb2210,SHFE,0_0_     1496809,     1988521,空,平今,5071.0,1,2022-04-07 09:27:18
397,rb2210,SHFE,0_0_     1496809,     1988525,空,平今,5071.0,2,2022-04-07 09:27:18
398,rb2210,SHFE,0_0_     1497189,     1989773,多,平今,5071.0,8,2022-04-07 09:27:23
399,rb2210,SHFE,0_0_     1497304,     1990084,空,开,5071.0,8,2022-04-07 09:27:23
400,rb2210,SHFE,0_0_     1498420,     1991457,多,平今,5070.0,4,2022-04-07 09:27:29
401,rb2210,SHFE,0_0_     1498818,     1991497,多,开,5070.0,8,2022-04-07 09:27:29
402,rb2210,SHFE,0_0_     1498819,     1991602,空,平今,5071.0,8,2022-04-07 09:27:29
403,rb2210,SHFE,0_0_     1498829,     1991662,空,开,5071.0,3,2022-04-07 09:27:29
404,rb2210,SHFE,0_0_     1498883,     1991725,多,开,5070.0,8,2022-04-07 09:27:30
405,rb2210,SHFE,0_0_     1498949,     1993041,空,平今,5071.0,1,2022-04-07 09:27:35
406,rb2210,SHFE,0_0_     1498949,     1993044,空,平今,5071.0,1,2022-04-07 09:27:35
407,rb2210,SHFE,0_0_     1498949,     1993115,空,平今,5071.0,1,2022-04-07 09:27:35
408,rb2210,SHFE,0_0_     1498949,     1993193,空,平今,5071.0,1,2022-04-07 09:27:35
409,rb2210,SHFE,0_0_     1498949,     1993202,空,平今,5071.0,1,2022-04-07 09:27:35
410,rb2210,SHFE,0_0_     1498949,     1993215,空,平今,5071.0,1,2022-04-07 09:27:35
411,rb2210,SHFE,0_0_     1498949,     1993240,空,平今,5071.0,2,2022-04-07 09:27:35
412,rb2210,SHFE,0_0_     1499755,     1993440,多,开,5070.0,8,2022-04-07 09:27:36
413,rb2210,SHFE,0_0_     1499929,     1993467,空,平今,5071.0,8,2022-04-07 09:27:36
414,rb2210,SHFE,0_0_     1499930,     1993551,多,开,5070.0,1,2022-04-07 09:27:37
415,rb2210,SHFE,0_0_     1499930,     1993555,多,开,5070.0,1,2022-04-07 09:27:37
416,rb2210,SHFE,0_0_     1499930,     1993556,多,开,5070.0,5,2022-04-07 09:27:37
417,rb2210,SHFE,0_0_     1499930,     1993570,多,开,5070.0,1,2022-04-07 09:27:37
418,rb2210,SHFE,0_0_     1500059,     1993711,空,平今,5071.0,8,2022-04-07 09:27:37
419,rb2210,SHFE,0_0_     1502473,     1996839,空,开,5072.0,1,2022-04-07 09:27:51
420,rb2210,SHFE,0_0_     1500107,     1996985,多,开,5070.0,5,2022-04-07 09:27:52
421,rb2210,SHFE,0_0_     1500107,     1996986,多,开,5070.0,3,2022-04-07 09:27:52
422,rb2210,SHFE,0_0_     1502570,     1997184,空,平今,5071.0,5,2022-04-07 09:27:52
423,rb2210,SHFE,0_0_     1502570,     1997187,空,平今,5071.0,1,2022-04-07 09:27:52
424,rb2210,SHFE,0_0_     1502570,     1997188,空,平今,5071.0,1,2022-04-07 09:27:52
425,rb2210,SHFE,0_0_     1502570,     1997191,空,平今,5071.0,1,2022-04-07 09:27:52
426,rb2210,SHFE,0_0_     1502602,     1997261,多,平今,5070.0,8,2022-04-07 09:27:52
427,rb2210,SHFE,0_0_     1502638,     1997452,空,开,5071.0,8,2022-04-07 09:27:53
428,rb2210,SHFE,0_0_     1502687,     1997497,多,平今,5070.0,1,2022-04-07 09:27:53
429,rb2210,SHFE,0_0_     1502687,     1997499,多,平今,5070.0,1,2022-04-07 09:27:53
430,rb2210,SHFE,0_0_     1502687,     1997501,多,平今,5070.0,3,2022-04-07 09:27:53
431,rb2210,SHFE,0_0_     1502687,     1997508,多,平今,5070.0,1,2022-04-07 09:27:53
432,rb2210,SHFE,0_0_     1502687,     1997517,多,平今,5070.0,2,2022-04-07 09:27:53
433,rb2210,SHFE,0_0_     1502695,     1998663,空,开,5071.0,2,2022-04-07 09:27:59
434,rb2210,SHFE,0_0_     1502695,     1998676,空,开,5071.0,2,2022-04-07 09:27:59
435,rb2210,SHFE,0_0_     1502695,     1998678,空,开,5071.0,1,2022-04-07 09:27:59
436,rb2210,SHFE,0_0_     1502695,     1998733,空,开,5071.0,1,2022-04-07 09:28:00
437,rb2210,SHFE,0_0_     1502695,     1998762,空,开,5071.0,2,2022-04-07 09:28:00
438,rb2210,SHFE,0_0_     1503606,     1999319,多,平今,5071.0,5,2022-04-07 09:28:02
439,rb2210,SHFE,0_0_     1503606,     1999327,多,平今,5071.0,3,2022-04-07 09:28:02
440,rb2210,SHFE,0_0_     1503063,     2001013,多,开,5069.0,1,2022-04-07 09:28:09
441,rb2210,SHFE,0_0_     1504698,     2001029,空,开,5070.0,3,2022-04-07 09:28:09
442,rb2210,SHFE,0_0_     1504698,     2001032,空,开,5070.0,1,2022-04-07 09:28:09
443,rb2210,SHFE,0_0_     1503063,     2001035,多,开,5069.0,1,2022-04-07 09:28:09
444,rb2210,SHFE,0_0_     1503063,     2001036,多,开,5069.0,1,2022-04-07 09:28:09
445,rb2210,SHFE,0_0_     1505041,     2001380,多,平今,5069.0,4,2022-04-07 09:28:11
446,rb2210,SHFE,0_0_     1504873,     2001573,空,平今,5070.0,1,2022-04-07 09:28:11
447,rb2210,SHFE,0_0_     1504873,     2001574,空,平今,5070.0,1,2022-04-07 09:28:11
448,rb2210,SHFE,0_0_     1504873,     2001641,空,平今,5070.0,1,2022-04-07 09:28:12
449,rb2210,SHFE,0_0_     1505314,     2001972,空,开,5070.0,1,2022-04-07 09:28:13
450,rb2210,SHFE,0_0_     1505314,     2001990,空,开,5070.0,3,2022-04-07 09:28:13
451,rb2210,SHFE,0_0_     1505718,     2002112,多,平今,5069.0,1,2022-04-07 09:28:14
452,rb2210,SHFE,0_0_     1505405,     2002264,空,开,5070.0,4,2022-04-07 09:28:14
453,rb2210,SHFE,0_0_     1505718,     2002275,多,平今,5069.0,1,2022-04-07 09:28:14
454,rb2210,SHFE,0_0_     1505718,     2002289,多,平今,5069.0,2,2022-04-07 09:28:14
455,rb2210,SHFE,0_0_     1505890,     2004940,多,平今,5069.0,4,2022-04-07 09:28:28
456,rb2210,SHFE,0_0_     1505968,     2004944,多,开,5069.0,2,2022-04-07 09:28:28
457,rb2210,SHFE,0_0_     1508034,     2004961,空,开,5070.0,1,2022-04-07 09:28:28
458,rb2210,SHFE,0_0_     1508034,     2004971,空,开,5070.0,1,2022-04-07 09:28:28
459,rb2210,SHFE,0_0_     1508034,     2004977,空,开,5070.0,5,2022-04-07 09:28:28
460,rb2210,SHFE,0_0_     1508034,     2004979,空,开,5070.0,1,2022-04-07 09:28:28
461,rb2210,SHFE,0_0_     1508101,     2006236,空,平今,5071.0,2,2022-04-07 09:28:34
462,rb2210,SHFE,0_0_     1508770,     2006264,多,平今,5070.0,2,2022-04-07 09:28:34
463,rb2210,SHFE,0_0_     1508773,     2006698,空,开,5071.0,2,2022-04-07 09:28:36
464,rb2210,SHFE,0_0_     1509097,     2007033,多,开,5070.0,6,2022-04-07 09:28:37
465,rb2210,SHFE,0_0_     1510229,     2008258,空,平今,5072.0,1,2022-04-07 09:28:44
466,rb2210,SHFE,0_0_     1510350,     2009110,多,平今,5071.0,1,2022-04-07 09:28:48
467,rb2210,SHFE,0_0_     1508037,     2013866,多,平今,5069.0,1,2022-04-07 09:29:06
468,rb2210,SHFE,0_0_     1508037,     2013867,多,平今,5069.0,1,2022-04-07 09:29:06
469,rb2210,SHFE,0_0_     1508037,     2013899,多,平今,5069.0,4,2022-04-07 09:29:06
470,rb2210,SHFE,0_0_     1513724,     2014377,空,开,5069.0,2,2022-04-07 09:29:07
471,rb2210,SHFE,0_0_     1514405,     2030170,空,开,5069.0,1,2022-04-07 09:30:01
472,rb2210,SHFE,0_0_     1514500,     2030180,空,开,5069.0,4,2022-04-07 09:30:01
473,rb2210,SHFE,0_0_     1522372,     2030183,多,平今,5068.0,4,2022-04-07 09:30:01
474,rb2210,SHFE,0_0_     1522372,     2030186,多,平今,5068.0,1,2022-04-07 09:30:01
475,rb2210,SHFE,0_0_     1522372,     2030202,多,平今,5068.0,2,2022-04-07 09:30:01
476,rb2210,SHFE,0_0_     1522372,     2030210,多,平今,5068.0,1,2022-04-07 09:30:01
477,rb2210,SHFE,0_0_     1522429,     2030629,空,开,5068.0,1,2022-04-07 09:30:02
478,rb2210,SHFE,0_0_     1522429,     2030636,空,开,5068.0,1,2022-04-07 09:30:02
479,rb2210,SHFE,0_0_     1522429,     2030651,空,开,5068.0,2,2022-04-07 09:30:02
480,rb2210,SHFE,0_0_     1522558,     2030889,多,平今,5067.0,2,2022-04-07 09:30:02
481,rb2210,SHFE,0_0_     1522706,     2030947,空,开,5068.0,2,2022-04-07 09:30:03
482,rb2210,SHFE,0_0_     1522771,     2031780,多,平今,5067.0,1,2022-04-07 09:30:04
483,rb2210,SHFE,0_0_     1522905,     2032175,空,开,5068.0,1,2022-04-07 09:30:05
484,rb2210,SHFE,0_0_     1510962,     2037775,空,平今,5072.0,5,2022-04-07 09:30:24
485,rb2210,SHFE,0_0_     1526676,     2038536,多,开,5071.0,3,2022-04-07 09:30:26
486,rb2210,SHFE,0_0_     1527144,     2038576,空,平今,5072.0,3,2022-04-07 09:30:26
487,rb2210,SHFE,0_0_     1527176,     2041251,多,开,5071.000000000001,3,2022-04-07 09:30:38
488,rb2210,SHFE,0_0_     1528752,     2041276,空,平今,5072.0,3,2022-04-07 09:30:38
489,rb2210,SHFE,0_0_     1529793,     2043556,多,开,5070.0,3,2022-04-07 09:30:46
490,rb2210,SHFE,0_0_     1540062,     2053731,空,平今,5073.0,1,2022-04-07 09:31:35
491,rb2210,SHFE,0_0_     1541212,     2057138,多,平今,5074.0,1,2022-04-07 09:31:55
492,rb2210,SHFE,0_0_     1544091,     2058175,空,平今,5074.000000000001,2,2022-04-07 09:32:00
493,rb2210,SHFE,0_0_     1544291,     2058204,多,开,5073.0,1,2022-04-07 09:32:00
494,rb2210,SHFE,0_0_     1544291,     2058209,多,开,5073.0,1,2022-04-07 09:32:00
495,rb2210,SHFE,0_0_     1544356,     2058526,空,开,5073.0,3,2022-04-07 09:32:01
496,rb2210,SHFE,0_0_     1544488,     2058581,多,平今,5072.0,2,2022-04-07 09:32:02
497,rb2210,SHFE,0_0_     1544488,     2058658,多,平今,5072.0,1,2022-04-07 09:32:02
498,rb2210,SHFE,0_0_     1544562,     2058909,空,平今,5073.0,1,2022-04-07 09:32:04
499,rb2210,SHFE,0_0_     1550782,     2065285,多,开,5079.0,4,2022-04-07 09:32:42
500,rb2210,SHFE,0_0_     1556098,     2071080,多,平今,5078.0,1,2022-04-07 09:33:17
501,rb2210,SHFE,0_0_     1556861,     2072570,多,平今,5079.0,2,2022-04-07 09:33:27
502,rb2210,SHFE,0_0_     1560410,     2075566,多,开,5079.0,1,2022-04-07 09:33:53
503,rb2210,SHFE,0_0_     1563311,     2079664,空,平今,5085.0,3,2022-04-07 09:34:17
504,rb2210,SHFE,0_0_     1565163,     2082613,空,开,5087.0,1,2022-04-07 09:34:33
505,rb2210,SHFE,0_0_     1565163,     2082734,空,开,5087.0,1,2022-04-07 09:34:34
506,rb2210,SHFE,0_0_     1565163,     2082747,空,开,5087.0,2,2022-04-07 09:34:34
507,rb2210,SHFE,0_0_     1566597,     2082946,多,平今,5086.0,3,2022-04-07 09:34:35
508,rb2210,SHFE,0_0_     1566780,     2083805,空,平今,5087.0,3,2022-04-07 09:34:40
509,rb2210,SHFE,0_0_     1567663,     2084137,多,开,5086.0,3,2022-04-07 09:34:42
510,rb2210,SHFE,0_0_     1567979,     2084290,空,平今,5087.0,1,2022-04-07 09:34:42
511,rb2210,SHFE,0_0_     1567979,     2084302,空,平今,5087.0,2,2022-04-07 09:34:42
512,rb2210,SHFE,0_0_     1568094,     2084443,多,开,5086.0,3,2022-04-07 09:34:43
513,rb2210,SHFE,0_0_     1568700,     2085195,空,开,5085.0,5,2022-04-07 09:34:47
514,rb2210,SHFE,0_0_     1563554,     2087587,多,开,5084.0,3,2022-04-07 09:35:02
515,rb2210,SHFE,0_0_     1572645,     2089712,空,平今,5082.0,3,2022-04-07 09:35:09
516,rb2210,SHFE,0_0_     1573558,     2090952,空,开,5081.0,1,2022-04-07 09:35:15
517,rb2210,SHFE,0_0_     1579749,     2096297,多,平今,5083.0,1,2022-04-07 09:35:56
518,rb2210,SHFE,0_0_     1579749,     2096318,多,平今,5083.0,2,2022-04-07 09:35:57
519,rb2210,SHFE,0_0_     1584899,     2099761,多,平今,5080.0,4,2022-04-07 09:36:22
520,rb2210,SHFE,0_0_     1585733,     2102528,空,平今,5081.0,1,2022-04-07 09:36:42
521,rb2210,SHFE,0_0_     1585733,     2102529,空,平今,5081.0,1,2022-04-07 09:36:42
522,rb2210,SHFE,0_0_     1588770,     2103212,多,开,5082.0,1,2022-04-07 09:36:46
523,rb2210,SHFE,0_0_     1588770,     2103213,多,开,5082.0,5,2022-04-07 09:36:46
524,rb2210,SHFE,0_0_     1588770,     2103214,多,开,5082.0,1,2022-04-07 09:36:46
525,rb2210,SHFE,0_0_     1590491,     2104542,空,平今,5083.0,2,2022-04-07 09:36:56
526,rb2210,SHFE,0_0_     1590588,     2104679,空,平今,5083.0,3,2022-04-07 09:36:57
527,rb2210,SHFE,0_0_     1590588,     2104689,空,平今,5083.0,1,2022-04-07 09:36:57
528,rb2210,SHFE,0_0_     1597152,     2111600,空,开,5088.0,2,2022-04-07 09:37:39
529,rb2210,SHFE,0_0_     1597152,     2111603,空,开,5088.0,1,2022-04-07 09:37:39
530,rb2210,SHFE,0_0_     1597944,     2112433,多,平今,5088.0,1,2022-04-07 09:37:43
531,rb2210,SHFE,0_0_     1597944,     2112443,多,平今,5088.0,2,2022-04-07 09:37:43
532,rb2210,SHFE,0_0_     1594310,     2112519,多,开,5086.0,6,2022-04-07 09:37:43
533,rb2210,SHFE,0_0_     1600180,     2115146,空,平今,5091.0,1,2022-04-07 09:37:56
534,rb2210,SHFE,0_0_     1600377,     2116377,多,开,5090.0,1,2022-04-07 09:38:01
535,rb2210,SHFE,0_0_     1601295,     2116391,空,平今,5091.0,1,2022-04-07 09:38:01
536,rb2210,SHFE,0_0_     1601312,     2116617,多,开,5090.0,1,2022-04-07 09:38:02
537,rb2210,SHFE,0_0_     1602372,     2119213,空,平今,5091.0,1,2022-04-07 09:38:16
538,rb2210,SHFE,0_0_     1602372,     2119234,空,平今,5091.0,1,2022-04-07 09:38:16
539,rb2210,SHFE,0_0_     1602372,     2119237,空,平今,5091.0,2,2022-04-07 09:38:16
540,rb2210,SHFE,0_0_     1603860,     2119426,多,开,5090.0,4,2022-04-07 09:38:16
541,rb2210,SHFE,0_0_     1603895,     2120801,空,平今,5091.0,1,2022-04-07 09:38:21
542,rb2210,SHFE,0_0_     1603895,     2120802,空,平今,5091.0,1,2022-04-07 09:38:21
543,rb2210,SHFE,0_0_     1603895,     2120803,空,平今,5091.0,1,2022-04-07 09:38:21
544,rb2210,SHFE,0_0_     1603895,     2120804,空,平今,5091.0,2,2022-04-07 09:38:21
545,rb2210,SHFE,0_0_     1606260,     2122817,空,平今,5092.0,1,2022-04-07 09:38:30
546,rb2210,SHFE,0_0_     1606260,     2122818,空,平今,5092.0,1,2022-04-07 09:38:30
547,rb2210,SHFE,0_0_     1606762,     2123792,空,平今,5093.0,1,2022-04-07 09:38:34
548,rb2210,SHFE,0_0_     1606873,     2123854,多,开,5092.0,1,2022-04-07 09:38:34
549,rb2210,SHFE,0_0_     1607243,     2124260,多,开,5093.0,2,2022-04-07 09:38:37
550,rb2210,SHFE,0_0_     1609746,     2127940,空,平今,5096.0,3,2022-04-07 09:38:53
551,rb2210,SHFE,0_0_     1609891,     2128325,多,开,5095.0,1,2022-04-07 09:38:54
552,rb2210,SHFE,0_0_     1609891,     2128327,多,开,5095.0,1,2022-04-07 09:38:54
553,rb2210,SHFE,0_0_     1610369,     2128434,空,平今,5096.0,2,2022-04-07 09:38:55
554,rb2210,SHFE,0_0_     1611795,     2130349,空,开,5096.0,2,2022-04-07 09:39:02
555,rb2210,SHFE,0_0_     1611908,     2130703,空,开,5096.0,1,2022-04-07 09:39:03
556,rb2210,SHFE,0_0_     1611908,     2130706,空,开,5096.0,1,2022-04-07 09:39:03
557,rb2210,SHFE,0_0_     1612204,     2138308,空,开,5096.0,4,2022-04-07 09:39:50
558,rb2210,SHFE,0_0_     1621227,     2138678,多,平今,5096.0,1,2022-04-07 09:39:52
559,rb2210,SHFE,0_0_     1621227,     2138679,多,平今,5096.0,2,2022-04-07 09:39:52
560,rb2210,SHFE,0_0_     1621227,     2138682,多,平今,5096.0,1,2022-04-07 09:39:52
561,rb2210,SHFE,0_0_     1620135,     2139503,多,平今,5094.0,1,2022-04-07 09:39:57
562,rb2210,SHFE,0_0_     1620135,     2139552,多,平今,5094.0,1,2022-04-07 09:39:58
563,rb2210,SHFE,0_0_     1622587,     2139838,空,开,5095.0,2,2022-04-07 09:40:00
564,rb2210,SHFE,0_0_     1604541,     2145556,多,开,5090.0,1,2022-04-07 09:40:33
565,rb2210,SHFE,0_0_     1604541,     2145595,多,开,5090.0,1,2022-04-07 09:40:33
566,rb2210,SHFE,0_0_     1604541,     2145596,多,开,5090.0,1,2022-04-07 09:40:33
567,rb2210,SHFE,0_0_     1604541,     2145612,多,开,5090.0,1,2022-04-07 09:40:33
568,rb2210,SHFE,0_0_     1604541,     2145613,多,开,5090.0,1,2022-04-07 09:40:33
569,rb2210,SHFE,0_0_     1627900,     2145844,空,平今,5091.0,1,2022-04-07 09:40:35
570,rb2210,SHFE,0_0_     1627900,     2145845,空,平今,5091.0,1,2022-04-07 09:40:35
571,rb2210,SHFE,0_0_     1627900,     2145859,空,平今,5091.0,1,2022-04-07 09:40:35
572,rb2210,SHFE,0_0_     1627900,     2145865,空,平今,5091.0,1,2022-04-07 09:40:35
573,rb2210,SHFE,0_0_     1627900,     2145957,空,平今,5091.0,1,2022-04-07 09:40:36
574,rb2210,SHFE,0_0_     1628247,     2146025,多,平今,5090.0,1,2022-04-07 09:40:36
575,rb2210,SHFE,0_0_     1628268,     2146310,空,开,5091.0,1,2022-04-07 09:40:39
576,rb2210,SHFE,0_0_     1629666,     2149228,多,平今,5091.0,1,2022-04-07 09:41:02
577,rb2210,SHFE,0_0_     1632007,     2149658,空,开,5092.0,1,2022-04-07 09:41:04
578,rb2210,SHFE,0_0_     1637530,     2154581,多,平今,5091.0,1,2022-04-07 09:41:35
579,rb2210,SHFE,0_0_     1622897,     2161083,空,开,5095.0,1,2022-04-07 09:42:09
580,rb2210,SHFE,0_0_     1644280,     2161102,多,平今,5094.0,1,2022-04-07 09:42:10
581,rb2210,SHFE,0_0_     1642119,     2162090,多,平今,5092.0,2,2022-04-07 09:42:14
582,rb2210,SHFE,0_0_     1645176,     2162768,空,开,5093.0,4,2022-04-07 09:42:17
583,rb2210,SHFE,0_0_     1650298,     2166735,多,开,5093.0,4,2022-04-07 09:42:47
584,rb2210,SHFE,0_0_     1656194,     2172122,多,开,5094.0,2,2022-04-07 09:43:32
585,rb2210,SHFE,0_0_     1656194,     2172208,多,开,5094.0,1,2022-04-07 09:43:32
586,rb2210,SHFE,0_0_     1658033,     2174842,多,平今,5097.0,1,2022-04-07 09:43:46
587,rb2210,SHFE,0_0_     1668573,     2185002,多,开,5098.0,1,2022-04-07 09:44:53
588,rb2210,SHFE,0_0_     1655699,     2191565,多,平今,5093.0,1,2022-04-07 09:45:39
589,rb2210,SHFE,0_0_     1676734,     2191601,空,平今,5094.0,1,2022-04-07 09:45:39
590,rb2210,SHFE,0_0_     1681952,     2196404,空,平今,5098.0,1,2022-04-07 09:46:13
591,rb2210,SHFE,0_0_     1682112,     2196539,空,平今,5098.0,4,2022-04-07 09:46:14
592,rb2210,SHFE,0_0_     1669023,     2196610,空,平今,5099.0,1,2022-04-07 09:46:14
593,rb2210,SHFE,0_0_     1686656,     2204276,多,平今,5109.0,1,2022-04-07 09:46:48
594,rb2210,SHFE,0_0_     1686656,     2204278,多,平今,5109.0,1,2022-04-07 09:46:48
595,rb2210,SHFE,0_0_     1689204,     2208421,空,开,5110.0,4,2022-04-07 09:47:01
596,rb2210,SHFE,0_0_     1690976,     2210332,多,平今,5112.000000000001,1,2022-04-07 09:47:09
597,rb2210,SHFE,0_0_     1690999,     2210357,空,平今,5113.0,1,2022-04-07 09:47:09
598,rb2210,SHFE,0_0_     1691006,     2210694,多,平今,5112.0,1,2022-04-07 09:47:10
599,rb2210,SHFE,0_0_     1691196,     2210712,空,开,5113.0,1,2022-04-07 09:47:10
600,rb2210,SHFE,0_0_     1697055,     2219543,空,开,5112.0,3,2022-04-07 09:47:59
601,rb2210,SHFE,0_0_     1699886,     2220097,多,平今,5111.0,4,2022-04-07 09:48:03
602,rb2210,SHFE,0_0_     1710947,     2230730,多,平今,5104.0,1,2022-04-07 09:49:21
603,rb2210,SHFE,0_0_     1711015,     2232655,空,开,5105.0,1,2022-04-07 09:49:37
604,rb2210,SHFE,0_0_     1712715,     2232938,多,平今,5104.0,1,2022-04-07 09:49:39
605,rb2210,SHFE,0_0_     1713910,     2234133,多,开,5105.0,4,2022-04-07 09:49:46
606,rb2210,SHFE,0_0_     1714045,     2234237,空,平今,5106.0,1,2022-04-07 09:49:47
607,rb2210,SHFE,0_0_     1714045,     2234262,空,平今,5106.0,1,2022-04-07 09:49:47
608,rb2210,SHFE,0_0_     1714045,     2234314,空,平今,5106.0,2,2022-04-07 09:49:49
609,rb2210,SHFE,0_0_     1723041,     2242538,多,平今,5106.0,2,2022-04-07 09:51:02
610,rb2210,SHFE,0_0_     1717266,     2249880,多,开,5101.0,4,2022-04-07 09:52:09
611,rb2210,SHFE,0_0_     1723560,     2258226,空,开,5106.0,1,2022-04-07 09:53:38
612,rb2210,SHFE,0_0_     1723560,     2258258,空,开,5106.0,2,2022-04-07 09:53:39
613,rb2210,SHFE,0_0_     1750504,     2263442,多,开,5106.0,4,2022-04-07 09:54:40
614,rb2210,SHFE,0_0_     1751969,     2264054,空,平今,5106.0,1,2022-04-07 09:54:50
615,rb2210,SHFE,0_0_     1751969,     2264138,空,平今,5106.0,1,2022-04-07 09:54:52
616,rb2210,SHFE,0_0_     1761332,     2271053,空,平今,5102.0,2,2022-04-07 09:56:13
617,rb2210,SHFE,0_0_     1770506,     2277407,空,开,5101.0,1,2022-04-07 09:57:18
618,rb2210,SHFE,0_0_     1770506,     2277512,空,开,5101.0,1,2022-04-07 09:57:18
619,rb2210,SHFE,0_0_     1788751,     2291019,空,平今,5101.0,1,2022-04-07 09:59:47
620,rb2210,SHFE,0_0_     1789144,     2291641,空,开,5101.0,1,2022-04-07 09:59:52
621,rb2210,SHFE,0_0_     1789614,     2291917,多,平今,5100.0,1,2022-04-07 09:59:55
622,rb2210,SHFE,0_0_     1789955,     2292090,空,开,5101.0,1,2022-04-07 09:59:58
623,rb2210,SHFE,0_0_     1790310,     2292539,多,平今,5100.0,1,2022-04-07 10:00:00
624,rb2210,SHFE,0_0_     1790653,     2292717,空,开,5101.0,1,2022-04-07 10:00:00
625,rb2210,SHFE,0_0_     1793457,     2295666,多,平今,5100.0,4,2022-04-07 10:00:19
626,rb2210,SHFE,0_0_     1799825,     2299350,多,平今,5098.000000000001,1,2022-04-07 10:00:51
627,rb2210,SHFE,0_0_     1799825,     2299393,多,平今,5098.0,1,2022-04-07 10:00:51
628,rb2210,SHFE,0_0_     1800693,     2299810,多,开,5098.0,1,2022-04-07 10:00:57
629,rb2210,SHFE,0_0_     1800759,     2301319,空,开,5099.0,2,2022-04-07 10:01:06
630,rb2210,SHFE,0_0_     1802447,     2301402,多,开,5099.0,1,2022-04-07 10:01:06
631,rb2210,SHFE,0_0_     1802447,     2301403,多,开,5099.0,1,2022-04-07 10:01:06
632,rb2210,SHFE,0_0_     1802447,     2301426,多,开,5099.0,1,2022-04-07 10:01:07
633,rb2210,SHFE,0_0_     1810639,     2307009,空,平今,5096.0,4,2022-04-07 10:02:15
634,rb2210,SHFE,0_0_     1814235,     2310442,空,平今,5097.0,2,2022-04-07 10:02:42
635,rb2210,SHFE,0_0_     1815985,     2311010,空,开,5095.0,3,2022-04-07 10:02:47
636,rb2210,SHFE,0_0_     1815985,     2311011,空,开,5095.0,1,2022-04-07 10:02:47
637,rb2210,SHFE,0_0_     1815985,     2311012,空,开,5095.0,1,2022-04-07 10:02:47
638,rb2210,SHFE,0_0_     1815985,     2311013,空,开,5095.0,1,2022-04-07 10:02:47
639,rb2210,SHFE,0_0_     1816788,     2312160,多,平今,5094.0,1,2022-04-07 10:02:58
640,rb2210,SHFE,0_0_     1819934,     2322461,多,平今,5094.0,4,2022-04-07 10:04:56
641,rb2210,SHFE,0_0_     1832660,     2323990,多,开,5093.0,5,2022-04-07 10:05:12
642,rb2210,SHFE,0_0_     1832769,     2324800,空,平今,5094.0,1,2022-04-07 10:05:18
643,rb2210,SHFE,0_0_     1832769,     2324837,空,平今,5094.0,2,2022-04-07 10:05:18
644,rb2210,SHFE,0_0_     1837629,     2328444,空,平今,5094.0,1,2022-04-07 10:05:58
645,rb2210,SHFE,0_0_     1840066,     2334569,多,平今,5095.0,1,2022-04-07 10:07:05
646,rb2210,SHFE,0_0_     1840066,     2334633,多,平今,5095.0,1,2022-04-07 10:07:05
647,rb2210,SHFE,0_0_     1840066,     2334641,多,平今,5095.0,1,2022-04-07 10:07:05
648,rb2210,SHFE,0_0_     1855015,     2339377,多,开,5094.0,2,2022-04-07 10:08:00
649,rb2210,SHFE,0_0_     1864433,     2347884,空,开,5087.0,1,2022-04-07 10:09:00
650,rb2210,SHFE,0_0_     1864433,     2347887,空,开,5087.0,3,2022-04-07 10:09:00
651,rb2210,SHFE,0_0_     1865203,     2348987,空,开,5082.0,4,2022-04-07 10:09:07
652,rb2210,SHFE,0_0_     1869484,     2353019,多,平今,5080.000000000001,1,2022-04-07 10:09:33
653,rb2210,SHFE,0_0_     1871335,     2355257,空,平今,5080.0,1,2022-04-07 10:09:49
654,rb2210,SHFE,0_0_     1871335,     2355258,空,平今,5080.0,2,2022-04-07 10:09:49
655,rb2210,SHFE,0_0_     1871394,     2356457,多,平今,5079.0,2,2022-04-07 10:09:55
656,rb2210,SHFE,0_0_     1871394,     2356473,多,平今,5079.0,4,2022-04-07 10:09:55
657,rb2210,SHFE,0_0_     1872097,     2356500,空,开,5080.0,6,2022-04-07 10:09:55
658,rb2210,SHFE,0_0_     1872137,     2357448,多,平今,5079.0,1,2022-04-07 10:10:00
659,rb2210,SHFE,0_0_     1872137,     2357462,多,平今,5079.0,1,2022-04-07 10:10:00
660,rb2210,SHFE,0_0_     1872137,     2357465,多,平今,5079.0,1,2022-04-07 10:10:00
661,rb2210,SHFE,0_0_     1872137,     2357470,多,平今,5079.0,3,2022-04-07 10:10:00
662,rb2210,SHFE,0_0_     1873246,     2357802,空,平今,5080.0,1,2022-04-07 10:10:02
663,rb2210,SHFE,0_0_     1876584,     2361382,多,开,5085.0,2,2022-04-07 10:10:31
664,rb2210,SHFE,0_0_     1877471,     2361489,空,平今,5086.0,2,2022-04-07 10:10:31
665,rb2210,SHFE,0_0_     1873565,     2367240,多,开,5080.0,3,2022-04-07 10:11:23
666,rb2210,SHFE,0_0_     1883404,     2367263,空,平今,5081.0,3,2022-04-07 10:11:23
667,rb2210,SHFE,0_0_     1883407,     2367274,多,开,5081.0,4,2022-04-07 10:11:23
668,rb2210,SHFE,0_0_     1883417,     2367287,空,开,5081.0,5,2022-04-07 10:11:24
669,rb2210,SHFE,0_0_     1883412,     2369449,空,平今,5082.0,4,2022-04-07 10:11:49
670,rb2210,SHFE,0_0_     1885660,     2369513,多,平今,5081.0,4,2022-04-07 10:11:50
671,rb2210,SHFE,0_0_     1886763,     2370461,空,开,5082.0,3,2022-04-07 10:12:01
672,rb2210,SHFE,0_0_     1891581,     2375027,空,开,5082.0,1,2022-04-07 10:12:46
673,rb2210,SHFE,0_0_     1891581,     2375030,空,开,5082.0,1,2022-04-07 10:12:46
674,rb2210,SHFE,0_0_     1891643,     2375361,多,平今,5081.0,1,2022-04-07 10:12:51
675,rb2210,SHFE,0_0_     1891643,     2375393,多,平今,5081.0,1,2022-04-07 10:12:52
676,rb2210,SHFE,0_0_     1892059,     2376222,多,平今,5081.0,4,2022-04-07 10:13:02
677,rb2210,SHFE,0_0_     1893083,     2376237,空,开,5082.0,1,2022-04-07 10:13:02
678,rb2210,SHFE,0_0_     1893083,     2376240,空,开,5082.0,4,2022-04-07 10:13:02
679,rb2210,SHFE,0_0_     1902763,     2392801,多,开,5082.0,4,2022-04-07 10:30:28
680,rb2210,SHFE,0_0_     1902487,     2393377,多,平今,5080.0,3,2022-04-07 10:30:30
681,rb2210,SHFE,0_0_     1902824,     2393428,空,平今,5081.0,1,2022-04-07 10:30:30
682,rb2210,SHFE,0_0_     1902824,     2393429,空,平今,5081.0,1,2022-04-07 10:30:30
683,rb2210,SHFE,0_0_     1902824,     2393430,空,平今,5081.0,1,2022-04-07 10:30:30
684,rb2210,SHFE,0_0_     1903924,     2396703,多,平今,5082.0,3,2022-04-07 10:30:58
685,rb2210,SHFE,0_0_     1904393,     2399089,多,开,5077.0,2,2022-04-07 10:31:07
686,rb2210,SHFE,0_0_     1905733,     2401128,多,开,5077.0,4,2022-04-07 10:31:20
687,rb2210,SHFE,0_0_     1905733,     2401146,多,开,5077.0,1,2022-04-07 10:31:20
688,rb2210,SHFE,0_0_     1905991,     2401596,空,平今,5079.0,1,2022-04-07 10:31:23
689,rb2210,SHFE,0_0_     1905991,     2401597,空,平今,5079.0,3,2022-04-07 10:31:23
690,rb2210,SHFE,0_0_     1906028,     2401909,空,平今,5079.0,1,2022-04-07 10:31:26
691,rb2210,SHFE,0_0_     1906028,     2401910,空,平今,5079.0,3,2022-04-07 10:31:26
692,rb2210,SHFE,0_0_     1904024,     2402766,空,开,5081.0,4,2022-04-07 10:31:36
693,rb2210,SHFE,0_0_     1915345,     2413541,多,开,5084.0,3,2022-04-07 10:33:14
694,rb2210,SHFE,0_0_     1917741,     2415687,多,平今,5084.0,2,2022-04-07 10:33:40
695,rb2210,SHFE,0_0_     1920099,     2417939,多,开,5083.0,3,2022-04-07 10:34:04
696,rb2210,SHFE,0_0_     1921070,     2418732,空,平今,5086.0,2,2022-04-07 10:34:11
697,rb2210,SHFE,0_0_     1925885,     2423136,多,平今,5088.0,2,2022-04-07 10:34:52
698,rb2210,SHFE,0_0_     1926619,     2423824,空,平今,5088.0,1,2022-04-07 10:34:59
699,rb2210,SHFE,0_0_     1927063,     2424228,空,平今,5088.0,3,2022-04-07 10:35:02
700,rb2210,SHFE,0_0_     1935281,     2430480,空,开,5088.0,2,2022-04-07 10:36:04
701,rb2210,SHFE,0_0_     1935676,     2433646,空,开,5089.0,4,2022-04-07 10:36:29
702,rb2210,SHFE,0_0_     1946860,     2441268,多,平今,5090.0,1,2022-04-07 10:37:39
703,rb2210,SHFE,0_0_     1946860,     2441291,多,平今,5090.0,1,2022-04-07 10:37:39
704,rb2210,SHFE,0_0_     1949106,     2443866,多,开,5089.0,1,2022-04-07 10:38:00
705,rb2210,SHFE,0_0_     1949106,     2443896,多,开,5089.0,2,2022-04-07 10:38:00
706,rb2210,SHFE,0_0_     1945102,     2444358,多,平今,5087.0,2,2022-04-07 10:38:02
707,rb2210,SHFE,0_0_     1949608,     2444371,空,开,5088.0,2,2022-04-07 10:38:02
708,rb2210,SHFE,0_0_     1973378,     2463920,多,平今,5080.0,2,2022-04-07 10:41:06
709,rb2210,SHFE,0_0_     1974321,     2464004,空,平今,5081.0,1,2022-04-07 10:41:07
710,rb2210,SHFE,0_0_     1974321,     2464023,空,平今,5081.0,1,2022-04-07 10:41:07
711,rb2210,SHFE,0_0_     1974408,     2464083,多,平今,5080.0,2,2022-04-07 10:41:07
712,rb2210,SHFE,0_0_     1974434,     2464685,空,开,5081.0,1,2022-04-07 10:41:13
713,rb2210,SHFE,0_0_     1974434,     2464722,空,开,5081.0,1,2022-04-07 10:41:13
714,rb2210,SHFE,0_0_     1975287,     2465078,多,平今,5080.0,1,2022-04-07 10:41:15
715,rb2210,SHFE,0_0_     1979457,     2467474,空,开,5079.0,2,2022-04-07 10:41:40
716,rb2210,SHFE,0_0_     1979457,     2467507,空,开,5079.0,2,2022-04-07 10:41:41
717,rb2210,SHFE,0_0_     1982562,     2470015,多,平今,5079.0,1,2022-04-07 10:42:05
718,rb2210,SHFE,0_0_     1983465,     2471099,空,开,5080.0,1,2022-04-07 10:42:18
719,rb2210,SHFE,0_0_     1983465,     2471116,空,开,5080.0,1,2022-04-07 10:42:18
720,rb2210,SHFE,0_0_     1985340,     2471949,多,平今,5079.0,2,2022-04-07 10:42:26
721,rb2210,SHFE,0_0_     1994254,     2478518,多,平今,5077.0,1,2022-04-07 10:43:38
722,rb2210,SHFE,0_0_     1996079,     2479359,多,平今,5077.0,2,2022-04-07 10:43:49
723,rb2210,SHFE,0_0_     1996079,     2479375,多,平今,5077.0,1,2022-04-07 10:43:49
724,rb2210,SHFE,0_0_     1999708,     2482735,空,平今,5076.0,1,2022-04-07 10:44:17
725,rb2210,SHFE,0_0_     2009436,     2492840,多,开,5081.0,1,2022-04-07 10:45:28
726,rb2210,SHFE,0_0_     2009573,     2493313,空,平今,5082.0,1,2022-04-07 10:45:31
727,rb2210,SHFE,0_0_     2009855,     2498491,多,开,5081.0,2,2022-04-07 10:46:06
728,rb2210,SHFE,0_0_     2014744,     2498631,空,开,5082.0,3,2022-04-07 10:46:08
729,rb2210,SHFE,0_0_     2014921,     2498645,多,平今,5081.000000000001,3,2022-04-07 10:46:08
730,rb2210,SHFE,0_0_     2014922,     2498674,空,开,5082.0,3,2022-04-07 10:46:08
731,rb2210,SHFE,0_0_     2014937,     2498759,多,平今,5081.0,3,2022-04-07 10:46:08
732,rb2210,SHFE,0_0_     2015120,     2499521,空,平今,5081.0,1,2022-04-07 10:46:15
733,rb2210,SHFE,0_0_     2016375,     2500875,空,开,5082.0,1,2022-04-07 10:46:30
734,rb2210,SHFE,0_0_     2016375,     2500989,空,开,5082.0,1,2022-04-07 10:46:31
735,rb2210,SHFE,0_0_     2006178,     2504216,多,开,5076.0,1,2022-04-07 10:47:09
736,rb2210,SHFE,0_0_     2021398,     2504710,空,平今,5077.0,2,2022-04-07 10:47:14
737,rb2210,SHFE,0_0_     2026778,     2509920,多,开,5075.0,4,2022-04-07 10:48:03
738,rb2210,SHFE,0_0_     2027235,     2510303,空,平今,5075.0,1,2022-04-07 10:48:04
739,rb2210,SHFE,0_0_     2027555,     2510525,空,平今,5074.0,2,2022-04-07 10:48:05
740,rb2210,SHFE,0_0_     2035935,     2519230,多,平今,5074.0,1,2022-04-07 10:49:29
741,rb2210,SHFE,0_0_     2041888,     2535521,空,平今,5077.0,1,2022-04-07 10:52:21
742,rb2210,SHFE,0_0_     2064531,     2543287,多,开,5080.0,1,2022-04-07 10:53:25
743,rb2210,SHFE,0_0_     2066020,     2546502,多,开,5079.0,2,2022-04-07 10:54:04
744,rb2210,SHFE,0_0_     2088209,     2561038,空,平今,5086.0,1,2022-04-07 10:56:40
745,rb2210,SHFE,0_0_     2090381,     2569551,空,开,5085.0,1,2022-04-07 10:58:19
746,rb2210,SHFE,0_0_     2090381,     2569555,空,开,5085.0,3,2022-04-07 10:58:19
747,rb2210,SHFE,0_0_     2103270,     2574147,多,平今,5084.000000000001,1,2022-04-07 10:59:10
748,rb2210,SHFE,0_0_     2108611,     2575179,空,平今,5085.0,1,2022-04-07 10:59:21
749,rb2210,SHFE,0_0_     2109527,     2575472,多,平今,5084.0,1,2022-04-07 10:59:25
750,rb2210,SHFE,0_0_     2109527,     2575490,多,平今,5084.0,1,2022-04-07 10:59:26
751,rb2210,SHFE,0_0_     2110656,     2575938,空,平今,5085.000000000001,1,2022-04-07 10:59:33
752,rb2210,SHFE,0_0_     2111250,     2577203,多,开,5084.0,1,2022-04-07 10:59:52
753,rb2210,SHFE,0_0_     2111250,     2577208,多,开,5084.0,1,2022-04-07 10:59:52
754,rb2210,SHFE,0_0_     2111250,     2577209,多,开,5084.0,1,2022-04-07 10:59:52
755,rb2210,SHFE,0_0_     2113340,     2577299,空,平今,5085.0,3,2022-04-07 10:59:53
756,rb2210,SHFE,0_0_     2120095,     2585051,多,平今,5077.0,2,2022-04-07 11:01:21
757,rb2210,SHFE,0_0_     2126052,     2586135,多,开,5076.000000000001,4,2022-04-07 11:01:34
758,rb2210,SHFE,0_0_     2131711,     2591832,空,开,5074.0,1,2022-04-07 11:02:20
759,rb2210,SHFE,0_0_     2131750,     2592712,多,平今,5073.0,1,2022-04-07 11:02:27
760,rb2210,SHFE,0_0_     2133360,     2594528,空,开,5072.0,2,2022-04-07 11:02:39
761,rb2210,SHFE,0_0_     2139998,     2602047,多,开,5071.0,1,2022-04-07 11:03:45
762,rb2210,SHFE,0_0_     2139998,     2602063,多,开,5071.0,1,2022-04-07 11:03:45
763,rb2210,SHFE,0_0_     2139998,     2602072,多,开,5071.0,1,2022-04-07 11:03:45
764,rb2210,SHFE,0_0_     2142058,     2604719,空,平今,5072.0,2,2022-04-07 11:04:10
765,rb2210,SHFE,0_0_     2145530,     2608070,多,平今,5072.0,1,2022-04-07 11:04:53
766,rb2210,SHFE,0_0_     2145990,     2608957,空,平今,5073.0,1,2022-04-07 11:05:05
767,rb2210,SHFE,0_0_     2147032,     2609231,多,平今,5072.0,1,2022-04-07 11:05:08
768,rb2210,SHFE,0_0_     2147505,     2609307,空,开,5073.000000000001,1,2022-04-07 11:05:09
769,rb2210,SHFE,0_0_     2155676,     2618037,空,开,5071.0,1,2022-04-07 11:06:21
770,rb2210,SHFE,0_0_     2156622,     2618138,多,平今,5071.0,2,2022-04-07 11:06:22
771,rb2210,SHFE,0_0_     2157475,     2619567,空,开,5070.0,3,2022-04-07 11:06:35
772,rb2210,SHFE,0_0_     2157712,     2619632,多,平今,5069.0,2,2022-04-07 11:06:36
773,rb2210,SHFE,0_0_     2158371,     2620463,多,平今,5068.000000000001,1,2022-04-07 11:06:44
774,rb2210,SHFE,0_0_     2158585,     2620792,多,开,5068.0,1,2022-04-07 11:06:47
775,rb2210,SHFE,0_0_     2159018,     2621078,多,开,5068.0,1,2022-04-07 11:06:50
776,rb2210,SHFE,0_0_     2159018,     2621118,多,开,5068.0,1,2022-04-07 11:06:50
777,rb2210,SHFE,0_0_     2159018,     2621137,多,开,5068.0,1,2022-04-07 11:06:50
778,rb2210,SHFE,0_0_     2159570,     2621593,空,平今,5069.0,4,2022-04-07 11:06:56
779,rb2210,SHFE,0_0_     2162562,     2625226,空,平今,5064.0,1,2022-04-07 11:07:19
780,rb2210,SHFE,0_0_     2162562,     2625227,空,平今,5064.0,1,2022-04-07 11:07:19
781,rb2210,SHFE,0_0_     2162562,     2625231,空,平今,5064.0,1,2022-04-07 11:07:19
782,rb2210,SHFE,0_0_     2162562,     2625237,空,平今,5064.0,1,2022-04-07 11:07:19
783,rb2210,SHFE,0_0_     2162938,     2626835,多,开,5064.0,4,2022-04-07 11:07:22
784,rb2210,SHFE,0_0_     2163022,     2626858,空,平今,5065.0,1,2022-04-07 11:07:23
785,rb2210,SHFE,0_0_     2163022,     2626862,空,平今,5065.0,3,2022-04-07 11:07:23
786,rb2210,SHFE,0_0_     2163104,     2627003,多,开,5065.0,1,2022-04-07 11:07:23
787,rb2210,SHFE,0_0_     2167450,     2632323,多,开,5064.0,1,2022-04-07 11:07:53
788,rb2210,SHFE,0_0_     2167450,     2632346,多,开,5064.0,1,2022-04-07 11:07:53
789,rb2210,SHFE,0_0_     2167450,     2632351,多,开,5064.0,1,2022-04-07 11:07:53
790,rb2210,SHFE,0_0_     2167572,     2632395,空,平今,5065.0,1,2022-04-07 11:07:54
791,rb2210,SHFE,0_0_     2167572,     2632397,空,平今,5065.0,1,2022-04-07 11:07:54
792,rb2210,SHFE,0_0_     2167572,     2632499,空,平今,5065.0,1,2022-04-07 11:07:54
793,rb2210,SHFE,0_0_     2167669,     2633204,多,开,5064.0,3,2022-04-07 11:07:57
794,rb2210,SHFE,0_0_     2168226,     2633799,空,平今,5065.0,1,2022-04-07 11:08:00
795,rb2210,SHFE,0_0_     2168226,     2633800,空,平今,5065.0,2,2022-04-07 11:08:00
796,rb2210,SHFE,0_0_     2168850,     2634189,多,开,5065.0,1,2022-04-07 11:08:02
797,rb2210,SHFE,0_0_     2172262,     2637206,多,开,5065.0,1,2022-04-07 11:08:22
798,rb2210,SHFE,0_0_     2172262,     2637207,多,开,5065.0,4,2022-04-07 11:08:22
799,rb2210,SHFE,0_0_     2172262,     2637240,多,开,5065.0,1,2022-04-07 11:08:22
800,rb2210,SHFE,0_0_     2172413,     2637595,空,平今,5065.0,4,2022-04-07 11:08:24
801,rb2210,SHFE,0_0_     2172413,     2637597,空,平今,5065.0,1,2022-04-07 11:08:24
802,rb2210,SHFE,0_0_     2174043,     2639186,多,开,5064.0,1,2022-04-07 11:08:36
803,rb2210,SHFE,0_0_     2174363,     2639488,空,平今,5065.0,4,2022-04-07 11:08:37
804,rb2210,SHFE,0_0_     2174601,     2640012,多,开,5064.0,4,2022-04-07 11:08:40
805,rb2210,SHFE,0_0_     2176583,     2641645,空,平今,5065.0,3,2022-04-07 11:08:52
806,rb2210,SHFE,0_0_     2162284,     2642124,空,开,5067.0,1,2022-04-07 11:08:57
807,rb2210,SHFE,0_0_     2162284,     2642140,空,开,5067.0,1,2022-04-07 11:08:57
808,rb2210,SHFE,0_0_     2162284,     2642147,空,开,5067.0,2,2022-04-07 11:08:57
809,rb2210,SHFE,0_0_     2177068,     2642437,多,平今,5066.0,2,2022-04-07 11:08:59
810,rb2210,SHFE,0_0_     2180614,     2645597,多,开,5072.0,4,2022-04-07 11:09:20
811,rb2210,SHFE,0_0_     2180785,     2645605,空,平今,5073.0,4,2022-04-07 11:09:20
812,rb2210,SHFE,0_0_     2185263,     2649465,空,开,5069.0,1,2022-04-07 11:09:54
813,rb2210,SHFE,0_0_     2185263,     2649466,空,开,5069.0,2,2022-04-07 11:09:54
814,rb2210,SHFE,0_0_     2185263,     2649467,空,开,5069.0,1,2022-04-07 11:09:54
815,rb2210,SHFE,0_0_     2185263,     2649468,空,开,5069.0,2,2022-04-07 11:09:54
816,rb2210,SHFE,0_0_     2185832,     2649964,多,平今,5069.0,3,2022-04-07 11:10:00
817,rb2210,SHFE,0_0_     2176612,     2655668,多,开,5064.0,3,2022-04-07 11:10:42
818,rb2210,SHFE,0_0_     2192753,     2656619,多,平今,5062.000000000001,4,2022-04-07 11:10:49
819,rb2210,SHFE,0_0_     2193030,     2656711,空,开,5063.0,2,2022-04-07 11:10:49
820,rb2210,SHFE,0_0_     2193030,     2656714,空,开,5063.0,1,2022-04-07 11:10:49
821,rb2210,SHFE,0_0_     2193030,     2656716,空,开,5063.0,1,2022-04-07 11:10:49
822,rb2210,SHFE,0_0_     2193109,     2656820,空,平今,5063.0,3,2022-04-07 11:10:50
823,rb2210,SHFE,0_0_     2193375,     2656984,多,平今,5062.0,4,2022-04-07 11:10:52
824,rb2210,SHFE,0_0_     2193541,     2657472,空,开,5063.0,1,2022-04-07 11:10:56
825,rb2210,SHFE,0_0_     2193541,     2657476,空,开,5063.0,1,2022-04-07 11:10:56
826,rb2210,SHFE,0_0_     2193541,     2657479,空,开,5063.0,1,2022-04-07 11:10:56
827,rb2210,SHFE,0_0_     2193541,     2657485,空,开,5063.0,1,2022-04-07 11:10:56
828,rb2210,SHFE,0_0_     2194065,     2657902,多,平今,5062.0,1,2022-04-07 11:11:00
829,rb2210,SHFE,0_0_     2194065,     2657918,多,平今,5062.0,3,2022-04-07 11:11:00
830,rb2210,SHFE,0_0_     2194528,     2658148,空,开,5063.0,4,2022-04-07 11:11:02
831,rb2210,SHFE,0_0_     2189961,     2659440,空,平今,5066.0,1,2022-04-07 11:11:12
832,rb2210,SHFE,0_0_     2196038,     2660111,多,开,5066.0,3,2022-04-07 11:11:18
833,rb2210,SHFE,0_0_     2196431,     2660248,空,平今,5067.0,3,2022-04-07 11:11:19
834,rb2210,SHFE,0_0_     2196654,     2660273,多,开,5066.0,3,2022-04-07 11:11:19
835,rb2210,SHFE,0_0_     2195849,     2660523,多,平今,5065.0,1,2022-04-07 11:11:20
836,rb2210,SHFE,0_0_     2196803,     2661161,空,开,5066.0,1,2022-04-07 11:11:24
837,rb2210,SHFE,0_0_     2197304,     2661188,多,平今,5065.0,1,2022-04-07 11:11:25
838,rb2210,SHFE,0_0_     2197328,     2662014,空,开,5066.0,1,2022-04-07 11:11:34
839,rb2210,SHFE,0_0_     2200046,     2663966,多,平今,5064.0,1,2022-04-07 11:11:53
840,rb2210,SHFE,0_0_     2197862,     2664113,多,开,5063.0,4,2022-04-07 11:11:55
841,rb2210,SHFE,0_0_     2194772,     2665059,多,平今,5062.0,4,2022-04-07 11:12:06
842,rb2210,SHFE,0_0_     2202000,     2665165,空,开,5062.0,2,2022-04-07 11:12:07
843,rb2210,SHFE,0_0_     2204089,     2668194,多,平今,5061.0,1,2022-04-07 11:12:24
844,rb2210,SHFE,0_0_     2201949,     2668636,空,平今,5063.0,1,2022-04-07 11:12:29
845,rb2210,SHFE,0_0_     2201949,     2668828,空,平今,5063.0,1,2022-04-07 11:12:30
846,rb2210,SHFE,0_0_     2201949,     2668832,空,平今,5063.0,1,2022-04-07 11:12:30
847,rb2210,SHFE,0_0_     2201949,     2668835,空,平今,5063.0,1,2022-04-07 11:12:30
848,rb2210,SHFE,0_0_     2204336,     2668933,空,开,5063.0,2,2022-04-07 11:12:32
849,rb2210,SHFE,0_0_     2204804,     2669066,多,开,5062.0,4,2022-04-07 11:12:33
850,rb2210,SHFE,0_0_     2206824,     2670887,空,平今,5066.0,1,2022-04-07 11:12:52
851,rb2210,SHFE,0_0_     2206824,     2670888,空,平今,5066.0,1,2022-04-07 11:12:52
852,rb2210,SHFE,0_0_     2206824,     2670889,空,平今,5066.0,1,2022-04-07 11:12:52
853,rb2210,SHFE,0_0_     2206964,     2671025,多,开,5065.0,1,2022-04-07 11:12:53
854,rb2210,SHFE,0_0_     2206964,     2671030,多,开,5065.0,1,2022-04-07 11:12:53
855,rb2210,SHFE,0_0_     2205416,     2674704,多,平今,5064.0,1,2022-04-07 11:13:37
856,rb2210,SHFE,0_0_     2212181,     2675286,空,平今,5065.0,1,2022-04-07 11:13:42
857,rb2210,SHFE,0_0_     2212781,     2675289,多,平今,5064.0,1,2022-04-07 11:13:42
858,rb2210,SHFE,0_0_     2205249,     2675297,多,平今,5063.0,1,2022-04-07 11:13:42
859,rb2210,SHFE,0_0_     2212785,     2675450,空,平今,5064.0,1,2022-04-07 11:13:45
860,rb2210,SHFE,0_0_     2214933,     2676694,空,开,5063.0,4,2022-04-07 11:14:00
861,rb2210,SHFE,0_0_     2215216,     2677287,空,开,5062.0,1,2022-04-07 11:14:03
862,rb2210,SHFE,0_0_     2215732,     2677374,多,平今,5061.0,4,2022-04-07 11:14:05
863,rb2210,SHFE,0_0_     2215881,     2677542,空,开,5062.0,1,2022-04-07 11:14:07
864,rb2210,SHFE,0_0_     2217532,     2678951,空,开,5060.0,2,2022-04-07 11:14:15
865,rb2210,SHFE,0_0_     2217672,     2678979,空,开,5060.0,3,2022-04-07 11:14:15
866,rb2210,SHFE,0_0_     2222309,     2683531,多,平今,5061.0,2,2022-04-07 11:14:51
867,rb2210,SHFE,0_0_     2222943,     2684025,多,平今,5062.0,3,2022-04-07 11:14:56
868,rb2210,SHFE,0_0_     2223082,     2684063,多,平今,5062.0,1,2022-04-07 11:14:57
869,rb2210,SHFE,0_0_     2224721,     2686164,空,开,5062.0,4,2022-04-07 11:15:14
870,rb2210,SHFE,0_0_     2226390,     2687198,空,开,5060.000000000001,3,2022-04-07 11:15:25
871,rb2210,SHFE,0_0_     2233713,     2693798,多,平今,5058.0,8,2022-04-07 11:16:14
872,rb2210,SHFE,0_0_     2234345,     2694556,空,开,5057.0,1,2022-04-07 11:16:17
873,rb2210,SHFE,0_0_     2235785,     2696085,多,平今,5057.0,1,2022-04-07 11:16:28
874,rb2210,SHFE,0_0_     2235833,     2696142,空,开,5057.0,1,2022-04-07 11:16:28
875,rb2210,SHFE,0_0_     2234502,     2696607,多,开,5056.0,3,2022-04-07 11:16:32
876,rb2210,SHFE,0_0_     2236338,     2696647,空,平今,5057.0,1,2022-04-07 11:16:33
877,rb2210,SHFE,0_0_     2236429,     2696707,空,平今,5057.0,1,2022-04-07 11:16:33
878,rb2210,SHFE,0_0_     2236700,     2696977,空,平今,5057.0,1,2022-04-07 11:16:34
879,rb2210,SHFE,0_0_     2236829,     2697112,多,开,5056.0,4,2022-04-07 11:16:35
880,rb2210,SHFE,0_0_     2236869,     2697138,空,平今,5057.0,4,2022-04-07 11:16:35
881,rb2210,SHFE,0_0_     2237147,     2697473,多,平今,5057.000000000001,1,2022-04-07 11:16:37
882,rb2210,SHFE,0_0_     2237270,     2697590,空,开,5057.0,1,2022-04-07 11:16:37
883,rb2210,SHFE,0_0_     2237267,     2697868,多,开,5056.0,4,2022-04-07 11:16:39
884,rb2210,SHFE,0_0_     2237615,     2697959,空,平今,5057.0,4,2022-04-07 11:16:40
885,rb2210,SHFE,0_0_     2237830,     2698431,多,平今,5057.0,1,2022-04-07 11:16:43
886,rb2210,SHFE,0_0_     2233818,     2699267,空,开,5059.0,1,2022-04-07 11:16:52
887,rb2210,SHFE,0_0_     2233818,     2699279,空,开,5059.0,1,2022-04-07 11:16:52
888,rb2210,SHFE,0_0_     2233818,     2699332,空,开,5059.0,1,2022-04-07 11:16:52
889,rb2210,SHFE,0_0_     2233818,     2699423,空,开,5059.0,1,2022-04-07 11:16:53
890,rb2210,SHFE,0_0_     2233818,     2699428,空,开,5059.0,1,2022-04-07 11:16:53
891,rb2210,SHFE,0_0_     2233818,     2699431,空,开,5059.0,1,2022-04-07 11:16:53
892,rb2210,SHFE,0_0_     2233818,     2699432,空,开,5059.0,1,2022-04-07 11:16:53
893,rb2210,SHFE,0_0_     2239386,     2699769,多,平今,5059.0,4,2022-04-07 11:16:56
894,rb2210,SHFE,0_0_     2239651,     2699954,多,平今,5059.000000000001,1,2022-04-07 11:16:58
895,rb2210,SHFE,0_0_     2239840,     2699958,多,平今,5059.000000000001,1,2022-04-07 11:16:58
896,rb2210,SHFE,0_0_     2244406,     2704310,空,开,5060.0,4,2022-04-07 11:17:27
897,rb2210,SHFE,0_0_     2244656,     2704420,多,平今,5059.0,3,2022-04-07 11:17:28
898,rb2210,SHFE,0_0_     2245745,     2705510,空,开,5059.0,2,2022-04-07 11:17:32
899,rb2210,SHFE,0_0_     2246368,     2706019,空,开,5060.0,1,2022-04-07 11:17:37
900,rb2210,SHFE,0_0_     2246368,     2706020,空,开,5060.0,1,2022-04-07 11:17:37
901,rb2210,SHFE,0_0_     2212784,     2709634,空,平今,5065.0,1,2022-04-07 11:17:57
902,rb2210,SHFE,0_0_     2249379,     2709666,多,平今,5064.0,1,2022-04-07 11:17:57
903,rb2210,SHFE,0_0_     2250751,     2711264,多,开,5064.0,1,2022-04-07 11:18:08
904,rb2210,SHFE,0_0_     2263166,     2723529,多,开,5064.0,2,2022-04-07 11:19:46
905,rb2210,SHFE,0_0_     2250358,     2723936,多,平今,5063.0,1,2022-04-07 11:19:50
906,rb2210,SHFE,0_0_     2250358,     2725014,多,平今,5063.0,1,2022-04-07 11:20:00
907,rb2210,SHFE,0_0_     2248484,     2725729,多,平今,5062.0,3,2022-04-07 11:20:06
908,rb2210,SHFE,0_0_     2268135,     2728194,多,开,5065.0,1,2022-04-07 11:20:26
909,rb2210,SHFE,0_0_     2268765,     2728866,空,平今,5066.0,1,2022-04-07 11:20:36
910,rb2210,SHFE,0_0_     2269973,     2731373,多,开,5065.0,1,2022-04-07 11:20:54
911,rb2210,SHFE,0_0_     2267428,     2731551,多,开,5064.0,1,2022-04-07 11:20:56
912,rb2210,SHFE,0_0_     2272136,     2731891,空,平今,5065.0,1,2022-04-07 11:20:59
913,rb2210,SHFE,0_0_     2272439,     2731931,多,开,5064.0,1,2022-04-07 11:20:59
914,rb2210,SHFE,0_0_     2272492,     2736668,空,平今,5065.0,1,2022-04-07 11:21:37
915,rb2210,SHFE,0_0_     2277401,     2736825,多,开,5064.0,1,2022-04-07 11:21:40
916,rb2210,SHFE,0_0_     2287207,     2744957,空,平今,5063.0,1,2022-04-07 11:23:02
917,rb2210,SHFE,0_0_     2287792,     2745311,多,开,5062.0,1,2022-04-07 11:23:06
918,rb2210,SHFE,0_0_     2292979,     2749162,空,平今,5060.0,4,2022-04-07 11:23:49
919,rb2210,SHFE,0_0_     2294823,     2750960,空,开,5058.0,4,2022-04-07 11:24:02
920,rb2210,SHFE,0_0_     2296133,     2751804,多,平今,5060.0,2,2022-04-07 11:24:13
921,rb2210,SHFE,0_0_     2302564,     2758159,空,平今,5067.0,4,2022-04-07 11:25:12
922,rb2210,SHFE,0_0_     2302629,     2758245,多,开,5066.0,1,2022-04-07 11:25:13
923,rb2210,SHFE,0_0_     2302629,     2758255,多,开,5066.0,1,2022-04-07 11:25:13
924,rb2210,SHFE,0_0_     2302629,     2758282,多,开,5066.0,1,2022-04-07 11:25:14
925,rb2210,SHFE,0_0_     2302629,     2758608,多,开,5066.0,1,2022-04-07 11:25:16
926,rb2210,SHFE,0_0_     2302956,     2758671,空,平今,5067.0,1,2022-04-07 11:25:17
927,rb2210,SHFE,0_0_     2303015,     2759692,多,平今,5066.0,1,2022-04-07 11:25:26
928,rb2210,SHFE,0_0_     2303833,     2760028,空,平今,5067.0,1,2022-04-07 11:25:28
929,rb2210,SHFE,0_0_     2307294,     2763535,多,开,5070.0,2,2022-04-07 11:26:00
930,rb2210,SHFE,0_0_     2307294,     2763563,多,开,5070.0,1,2022-04-07 11:26:00
931,rb2210,SHFE,0_0_     2317972,     2773266,空,平今,5066.0,2,2022-04-07 11:27:23
932,rb2210,SHFE,0_0_     2320007,     2776679,多,开,5059.0,4,2022-04-07 11:27:49
933,rb2210,SHFE,0_0_     2320306,     2776684,空,平今,5060.0,4,2022-04-07 11:27:49
934,rb2210,SHFE,0_0_     2322263,     2779580,多,开,5056.0,3,2022-04-07 11:28:10
935,rb2210,SHFE,0_0_     2322899,     2780589,空,平今,5056.0,1,2022-04-07 11:28:15
936,rb2210,SHFE,0_0_     2323770,     2781587,多,开,5057.0,3,2022-04-07 11:28:22
937,rb2210,SHFE,0_0_     2323876,     2781653,空,平今,5058.0,3,2022-04-07 11:28:23
938,rb2210,SHFE,0_0_     2324020,     2781845,空,平今,5058.0,3,2022-04-07 11:28:24
939,rb2210,SHFE,0_0_     2324271,     2782071,多,开,5059.0,3,2022-04-07 11:28:27
940,rb2210,SHFE,0_0_     2320480,     2782523,空,平今,5060.0,1,2022-04-07 11:28:31
941,rb2210,SHFE,0_0_     2324604,     2782528,多,开,5059.0,1,2022-04-07 11:28:31
942,rb2210,SHFE,0_0_     2324604,     2782585,多,开,5059.0,1,2022-04-07 11:28:31
943,rb2210,SHFE,0_0_     2320480,     2782607,空,平今,5060.0,1,2022-04-07 11:28:31
944,rb2210,SHFE,0_0_     2324651,     2782624,多,平今,5059.0,1,2022-04-07 11:28:31
945,rb2210,SHFE,0_0_     2324726,     2782765,多,开,5059.0,2,2022-04-07 11:28:33
946,rb2210,SHFE,0_0_     2326094,     2784486,空,开,5059.0,5,2022-04-07 11:28:49
947,rb2210,SHFE,0_0_     2326094,     2784497,空,开,5059.0,1,2022-04-07 11:28:49
948,rb2210,SHFE,0_0_     2326094,     2784498,空,开,5059.0,2,2022-04-07 11:28:49
949,rb2210,SHFE,0_0_     2329487,     2812527,多,平今,5044.0,1,2022-04-07 13:30:12
950,rb2210,SHFE,0_0_     2329487,     2812528,多,平今,5044.0,5,2022-04-07 13:30:12
951,rb2210,SHFE,0_0_     2329487,     2812529,多,平今,5044.0,1,2022-04-07 13:30:12
952,rb2210,SHFE,0_0_     2329487,     2812539,多,平今,5044.0,1,2022-04-07 13:30:12
953,rb2210,SHFE,0_0_     2329534,     2814626,空,平今,5046.0,4,2022-04-07 13:30:17
954,rb2210,SHFE,0_0_     2329590,     2815376,空,平今,5046.0,3,2022-04-07 13:30:19
955,rb2210,SHFE,0_0_     2329617,     2815623,多,开,5046.000000000001,3,2022-04-07 13:30:19
956,rb2210,SHFE,0_0_     2329786,     2819061,多,开,5051.0,3,2022-04-07 13:30:28
957,rb2210,SHFE,0_0_     2329902,     2820782,空,开,5049.0,8,2022-04-07 13:30:35
958,rb2210,SHFE,0_0_     2329922,     2821020,多,平今,5048.0,6,2022-04-07 13:30:36
959,rb2210,SHFE,0_0_     2330111,     2824275,空,平今,5046.0,1,2022-04-07 13:30:49
960,rb2210,SHFE,0_0_     2331263,     2838673,空,平今,5041.0,1,2022-04-07 13:31:42
961,rb2210,SHFE,0_0_     2331263,     2838682,空,平今,5041.0,1,2022-04-07 13:31:42
962,rb2210,SHFE,0_0_     2331263,     2838685,空,平今,5041.0,2,2022-04-07 13:31:42
963,rb2210,SHFE,0_0_     2331282,     2838996,多,开,5041.0,3,2022-04-07 13:31:43
964,rb2210,SHFE,0_0_     2331282,     2838997,多,开,5041.0,4,2022-04-07 13:31:43
965,rb2210,SHFE,0_0_     2331328,     2839924,多,平今,5040.0,1,2022-04-07 13:31:46
966,rb2210,SHFE,0_0_     2331348,     2840113,空,平今,5041.0,3,2022-04-07 13:31:47
967,rb2210,SHFE,0_0_     2331714,     2842157,多,平今,5042.0,1,2022-04-07 13:31:54
968,rb2210,SHFE,0_0_     2332011,     2844345,空,平今,5041.0,1,2022-04-07 13:32:03
969,rb2210,SHFE,0_0_     2332859,     2849328,空,开,5040.0,4,2022-04-07 13:32:24
970,rb2210,SHFE,0_0_     2332859,     2849329,空,开,5040.0,1,2022-04-07 13:32:24
971,rb2210,SHFE,0_0_     2332859,     2849330,空,开,5040.0,1,2022-04-07 13:32:24
972,rb2210,SHFE,0_0_     2332859,     2849331,空,开,5040.0,1,2022-04-07 13:32:24
973,rb2210,SHFE,0_0_     2332859,     2849332,空,开,5040.0,1,2022-04-07 13:32:24
974,rb2210,SHFE,0_0_     2333094,     2849962,多,平今,5039.0,1,2022-04-07 13:32:27
975,rb2210,SHFE,0_0_     2333427,     2851702,多,平今,5038.0,4,2022-04-07 13:32:35
976,rb2210,SHFE,0_0_     2333729,     2851901,多,平今,5038.0,3,2022-04-07 13:32:36
977,rb2210,SHFE,0_0_     2333750,     2852037,多,开,5038.0,1,2022-04-07 13:32:36
978,rb2210,SHFE,0_0_     2333772,     2852232,多,开,5038.0,1,2022-04-07 13:32:37
979,rb2210,SHFE,0_0_     2333844,     2852488,空,平今,5039.0,1,2022-04-07 13:32:38
980,rb2210,SHFE,0_0_     2333844,     2852558,空,平今,5039.0,1,2022-04-07 13:32:38
981,rb2210,SHFE,0_0_     2333844,     2852575,空,平今,5039.0,1,2022-04-07 13:32:39
982,rb2210,SHFE,0_0_     2333911,     2853356,空,开,5039.0,4,2022-04-07 13:32:41
983,rb2210,SHFE,0_0_     2334364,     2853941,多,平今,5038.0,4,2022-04-07 13:32:43
984,rb2210,SHFE,0_0_     2334395,     2853968,多,开,5038.0,2,2022-04-07 13:32:44
985,rb2210,SHFE,0_0_     2334453,     2854351,空,平今,5039.0,2,2022-04-07 13:32:45
986,rb2210,SHFE,0_0_     2334453,     2854352,空,平今,5039.0,2,2022-04-07 13:32:45
987,rb2210,SHFE,0_0_     2334528,     2854451,多,开,5038.000000000001,3,2022-04-07 13:32:46
988,rb2210,SHFE,0_0_     2334593,     2854562,空,开,5039.0,4,2022-04-07 13:32:46
989,rb2210,SHFE,0_0_     2334593,     2854565,空,开,5039.0,1,2022-04-07 13:32:46
990,rb2210,SHFE,0_0_     2334626,     2854690,多,平今,5038.0,1,2022-04-07 13:32:47
991,rb2210,SHFE,0_0_     2334626,     2854712,多,平今,5038.0,1,2022-04-07 13:32:47
992,rb2210,SHFE,0_0_     2334626,     2854716,多,平今,5038.0,3,2022-04-07 13:32:47
993,rb2210,SHFE,0_0_     2334675,     2854757,空,平今,5039.0,4,2022-04-07 13:32:47
994,rb2210,SHFE,0_0_     2334742,     2854866,多,开,5038.0,8,2022-04-07 13:32:47
995,rb2210,SHFE,0_0_     2334763,     2854979,空,平今,5039.0,1,2022-04-07 13:32:48
996,rb2210,SHFE,0_0_     2334763,     2854998,空,平今,5039.0,1,2022-04-07 13:32:48
997,rb2210,SHFE,0_0_     2334763,     2854999,空,平今,5039.0,6,2022-04-07 13:32:48
998,rb2210,SHFE,0_0_     2334842,     2855041,多,开,5038.0,8,2022-04-07 13:32:48
999,rb2210,SHFE,0_0_     2334850,     2855107,空,平今,5039.0,3,2022-04-07 13:32:48
1000,rb2210,SHFE,0_0_     2334850,     2855108,空,平今,5039.0,5,2022-04-07 13:32:48
1001,rb2210,SHFE,0_0_     2334927,     2855194,空,开,5039.0,4,2022-04-07 13:32:49
1002,rb2210,SHFE,0_0_     2334927,     2855225,空,开,5039.0,4,2022-04-07 13:32:49
1003,rb2210,SHFE,0_0_     2334893,     2855252,多,开,5038.0,4,2022-04-07 13:32:49
1004,rb2210,SHFE,0_0_     2335007,     2855349,多,平今,5038.0,4,2022-04-07 13:32:49
1005,rb2210,SHFE,0_0_     2335282,     2855823,多,平今,5039.0,2,2022-04-07 13:32:51
1006,rb2210,SHFE,0_0_     2335282,     2855833,多,平今,5039.0,1,2022-04-07 13:32:51
1007,rb2210,SHFE,0_0_     2336405,     2857646,空,平今,5041.0,1,2022-04-07 13:32:59
1008,rb2210,SHFE,0_0_     2337653,     2859867,空,平今,5041.0,1,2022-04-07 13:33:09
1009,rb2210,SHFE,0_0_     2341444,     2865515,空,开,5038.0,4,2022-04-07 13:33:41
1010,rb2210,SHFE,0_0_     2341737,     2866131,多,平今,5037.0,3,2022-04-07 13:33:46
1011,rb2210,SHFE,0_0_     2342048,     2866679,多,平今,5037.0,1,2022-04-07 13:33:50
1012,rb2210,SHFE,0_0_     2342419,     2867034,空,开,5038.0,3,2022-04-07 13:33:52
1013,rb2210,SHFE,0_0_     2343508,     2869192,多,平今,5036.0,1,2022-04-07 13:34:02
1014,rb2210,SHFE,0_0_     2343508,     2869195,多,平今,5036.0,3,2022-04-07 13:34:02
1015,rb2210,SHFE,0_0_     2342663,     2871163,空,开,5038.0,1,2022-04-07 13:34:13
1016,rb2210,SHFE,0_0_     2342663,     2871189,空,开,5038.0,1,2022-04-07 13:34:13
1017,rb2210,SHFE,0_0_     2342663,     2871196,空,开,5038.0,1,2022-04-07 13:34:13
1018,rb2210,SHFE,0_0_     2342663,     2871203,空,开,5038.0,1,2022-04-07 13:34:13
1019,rb2210,SHFE,0_0_     2344746,     2871671,多,开,5038.0,2,2022-04-07 13:34:15
1020,rb2210,SHFE,0_0_     2344792,     2871962,多,开,5038.000000000001,2,2022-04-07 13:34:16
1021,rb2210,SHFE,0_0_     2344792,     2871963,多,开,5038.000000000001,1,2022-04-07 13:34:16
1022,rb2210,SHFE,0_0_     2345028,     2872351,多,开,5038.0,1,2022-04-07 13:34:19
1023,rb2210,SHFE,0_0_     2346281,     2873961,空,平今,5039.0,1,2022-04-07 13:34:29
1024,rb2210,SHFE,0_0_     2346315,     2875066,多,开,5038.0,1,2022-04-07 13:34:37
1025,rb2210,SHFE,0_0_     2347457,     2875186,空,平今,5039.0,1,2022-04-07 13:34:38
1026,rb2210,SHFE,0_0_     2350345,     2878777,空,平今,5039.0,1,2022-04-07 13:34:58
1027,rb2210,SHFE,0_0_     2347500,     2879252,多,开,5038.0,1,2022-04-07 13:35:00
1028,rb2210,SHFE,0_0_     2344676,     2879478,多,平今,5037.0,4,2022-04-07 13:35:00
1029,rb2210,SHFE,0_0_     2351136,     2879605,空,平今,5038.0,4,2022-04-07 13:35:00
1030,rb2210,SHFE,0_0_     2351671,     2880724,空,开,5036.0,4,2022-04-07 13:35:02
1031,rb2210,SHFE,0_0_     2351156,     2881985,空,开,5038.0,4,2022-04-07 13:35:05
1032,rb2210,SHFE,0_0_     2351237,     2881997,空,平今,5038.0,1,2022-04-07 13:35:05
1033,rb2210,SHFE,0_0_     2350881,     2882104,空,平今,5040.0,2,2022-04-07 13:35:05
1034,rb2210,SHFE,0_0_     2352469,     2882324,多,开,5039.0,4,2022-04-07 13:35:05
1035,rb2210,SHFE,0_0_     2352469,     2882397,多,开,5039.0,2,2022-04-07 13:35:05
1036,rb2210,SHFE,0_0_     2352467,     2882403,多,平今,5037.0,1,2022-04-07 13:35:05
1037,rb2210,SHFE,0_0_     2352467,     2882406,多,平今,5037.0,4,2022-04-07 13:35:05
1038,rb2210,SHFE,0_0_     2352517,     2882515,空,平今,5037.0,3,2022-04-07 13:35:06
1039,rb2210,SHFE,0_0_     2352696,     2883056,多,开,5038.0,4,2022-04-07 13:35:07
1040,rb2210,SHFE,0_0_     2355193,     2887362,空,平今,5038.0,1,2022-04-07 13:35:19
1041,rb2210,SHFE,0_0_     2355193,     2887373,空,平今,5038.0,1,2022-04-07 13:35:19
1042,rb2210,SHFE,0_0_     2357485,     2890719,空,开,5035.0,3,2022-04-07 13:35:30
1043,rb2210,SHFE,0_0_     2359684,     2893215,多,平今,5037.0,2,2022-04-07 13:35:43
1044,rb2210,SHFE,0_0_     2372013,     2908398,空,平今,5046.0,1,2022-04-07 13:36:51
1045,rb2210,SHFE,0_0_     2378320,     2917391,多,平今,5048.0,1,2022-04-07 13:37:34
1046,rb2210,SHFE,0_0_     2379618,     2917440,空,平今,5049.0,1,2022-04-07 13:37:35
1047,rb2210,SHFE,0_0_     2379648,     2921067,多,平今,5048.000000000001,1,2022-04-07 13:37:53
1048,rb2210,SHFE,0_0_     2382338,     2921086,空,平今,5049.0,1,2022-04-07 13:37:53
1049,rb2210,SHFE,0_0_     2386614,     2926348,多,平今,5047.0,1,2022-04-07 13:38:28
1050,rb2210,SHFE,0_0_     2386991,     2926419,多,平今,5047.0,1,2022-04-07 13:38:29
1051,rb2210,SHFE,0_0_     2387004,     2926817,空,平今,5048.0,1,2022-04-07 13:38:33
1052,rb2210,SHFE,0_0_     2407408,     2951448,多,开,5046.0,4,2022-04-07 13:41:21
1053,rb2210,SHFE,0_0_     2410504,     2954700,空,平今,5047.0,1,2022-04-07 13:41:41
1054,rb2210,SHFE,0_0_     2411006,     2955244,空,平今,5047.0,1,2022-04-07 13:41:45
1055,rb2210,SHFE,0_0_     2414582,     2959798,空,平今,5052.0,2,2022-04-07 13:42:08
1056,rb2210,SHFE,0_0_     2419581,     2966215,空,开,5051.0,8,2022-04-07 13:42:50
1057,rb2210,SHFE,0_0_     2420506,     2966876,多,平今,5052.0,8,2022-04-07 13:42:57
1058,rb2210,SHFE,0_0_     2422453,     2971071,多,开,5055.0,2,2022-04-07 13:43:19
1059,rb2210,SHFE,0_0_     2422769,     2971334,空,平今,5055.0,2,2022-04-07 13:43:21
1060,rb2210,SHFE,0_0_     2424719,     2974227,多,开,5057.0,1,2022-04-07 13:43:38
1061,rb2210,SHFE,0_0_     2425237,     2975313,空,开,5057.0,8,2022-04-07 13:43:40
1062,rb2210,SHFE,0_0_     2425804,     2976373,多,平今,5055.0,4,2022-04-07 13:43:44
1063,rb2210,SHFE,0_0_     2425845,     2977475,空,开,5056.000000000001,4,2022-04-07 13:43:49
1064,rb2210,SHFE,0_0_     2426460,     2977670,多,平今,5055.0,4,2022-04-07 13:43:51
1065,rb2210,SHFE,0_0_     2426602,     2977781,空,开,5056.0,2,2022-04-07 13:43:52
1066,rb2210,SHFE,0_0_     2426602,     2977782,空,开,5056.0,1,2022-04-07 13:43:52
1067,rb2210,SHFE,0_0_     2426602,     2977783,空,开,5056.0,1,2022-04-07 13:43:52
1068,rb2210,SHFE,0_0_     2428169,     2981599,多,平今,5059.0,3,2022-04-07 13:44:10
1069,rb2210,SHFE,0_0_     2428169,     2981606,多,平今,5059.0,1,2022-04-07 13:44:10
1070,rb2210,SHFE,0_0_     2430081,     2981881,空,开,5060.0,4,2022-04-07 13:44:12
1071,rb2210,SHFE,0_0_     2430149,     2981902,多,平今,5059.0,4,2022-04-07 13:44:12
1072,rb2210,SHFE,0_0_     2430218,     2981953,多,开,5059.0,4,2022-04-07 13:44:13
1073,rb2210,SHFE,0_0_     2430423,     2982180,空,平今,5059.0,2,2022-04-07 13:44:14
1074,rb2210,SHFE,0_0_     2430523,     2982247,空,平今,5059.0,3,2022-04-07 13:44:15
1075,rb2210,SHFE,0_0_     2430795,     2982534,空,开,5059.0,3,2022-04-07 13:44:18
1076,rb2210,SHFE,0_0_     2426691,     2992792,多,平今,5055.0,4,2022-04-07 13:45:22
1077,rb2210,SHFE,0_0_     2438035,     2993291,空,平今,5055.0,1,2022-04-07 13:45:25
1078,rb2210,SHFE,0_0_     2437747,     2993420,空,开,5056.0,4,2022-04-07 13:45:25
1079,rb2210,SHFE,0_0_     2438291,     2993577,多,平今,5055.0,1,2022-04-07 13:45:26
1080,rb2210,SHFE,0_0_     2438291,     2993578,多,平今,5055.0,2,2022-04-07 13:45:26
1081,rb2210,SHFE,0_0_     2438291,     2993579,多,平今,5055.0,1,2022-04-07 13:45:26
1082,rb2210,SHFE,0_0_     2438291,     2993581,多,平今,5055.0,2,2022-04-07 13:45:26
1083,rb2210,SHFE,0_0_     2439368,     2995026,多,开,5052.0,2,2022-04-07 13:45:34
1084,rb2210,SHFE,0_0_     2439625,     2995847,空,开,5053.0,3,2022-04-07 13:45:42
1085,rb2210,SHFE,0_0_     2441866,     2997528,多,平今,5052.0,1,2022-04-07 13:45:55
1086,rb2210,SHFE,0_0_     2442018,     2999210,空,平今,5053.0,2,2022-04-07 13:46:08
1087,rb2210,SHFE,0_0_     2443538,     3003417,多,开,5054.0,3,2022-04-07 13:46:39
1088,rb2210,SHFE,0_0_     2443538,     3003472,多,开,5054.0,4,2022-04-07 13:46:39
1089,rb2210,SHFE,0_0_     2443538,     3003475,多,开,5054.0,1,2022-04-07 13:46:40
1090,rb2210,SHFE,0_0_     2449280,     3005952,空,平今,5054.0,4,2022-04-07 13:46:59
1091,rb2210,SHFE,0_0_     2448614,     3005969,空,平今,5055.0,4,2022-04-07 13:46:59
1092,rb2210,SHFE,0_0_     2455636,     3015060,空,开,5050.0,2,2022-04-07 13:47:44
1093,rb2210,SHFE,0_0_     2455948,     3015838,多,平今,5049.0,4,2022-04-07 13:47:51
1094,rb2210,SHFE,0_0_     2457098,     3017395,空,开,5050.000000000001,1,2022-04-07 13:48:03
1095,rb2210,SHFE,0_0_     2457951,     3017533,多,平今,5049.0,1,2022-04-07 13:48:04
1096,rb2210,SHFE,0_0_     2458427,     3018963,空,开,5049.0,4,2022-04-07 13:48:14
1097,rb2210,SHFE,0_0_     2464269,     3025855,多,平今,5045.0,1,2022-04-07 13:49:08
1098,rb2210,SHFE,0_0_     2480726,     3048222,空,开,5045.000000000001,1,2022-04-07 13:52:00
1099,rb2210,SHFE,0_0_     2501941,     3073039,多,平今,5057.0,1,2022-04-07 13:55:59
1100,rb2210,SHFE,0_0_     2505660,     3078892,多,开,5060.0,4,2022-04-07 13:56:42
1101,rb2210,SHFE,0_0_     2506669,     3084709,多,开,5060.0,4,2022-04-07 13:57:28
1102,rb2210,SHFE,0_0_     2510543,     3084717,空,平今,5061.0,1,2022-04-07 13:57:28
1103,rb2210,SHFE,0_0_     2510543,     3084736,空,平今,5061.0,1,2022-04-07 13:57:28
1104,rb2210,SHFE,0_0_     2510543,     3084762,空,平今,5061.0,1,2022-04-07 13:57:28
1105,rb2210,SHFE,0_0_     2510543,     3084769,空,平今,5061.0,1,2022-04-07 13:57:29
1106,rb2210,SHFE,0_0_     2511295,     3086374,多,平今,5061.0,1,2022-04-07 13:57:41
1107,rb2210,SHFE,0_0_     2504227,     3091831,多,平今,5057.0,3,2022-04-07 13:58:16
1108,rb2210,SHFE,0_0_     2514979,     3091897,空,平今,5058.0,2,2022-04-07 13:58:16
1109,rb2210,SHFE,0_0_     2514979,     3091911,空,平今,5058.0,1,2022-04-07 13:58:16
1110,rb2210,SHFE,0_0_     2511891,     3099875,空,平今,5062.0,1,2022-04-07 13:59:06
1111,rb2210,SHFE,0_0_     2519710,     3099894,多,开,5061.0,1,2022-04-07 13:59:06
1112,rb2210,SHFE,0_0_     2519710,     3099895,多,开,5061.0,1,2022-04-07 13:59:06
1113,rb2210,SHFE,0_0_     2519722,     3099966,多,开,5061.0,1,2022-04-07 13:59:06
1114,rb2210,SHFE,0_0_     2520001,     3100209,多,开,5061.0,1,2022-04-07 13:59:08
1115,rb2210,SHFE,0_0_     2520148,     3100316,多,开,5061.0,3,2022-04-07 13:59:09
1116,rb2210,SHFE,0_0_     2521734,     3102215,空,平今,5063.0,1,2022-04-07 13:59:19
1117,rb2210,SHFE,0_0_     2522448,     3102893,空,平今,5062.0,2,2022-04-07 13:59:24
1118,rb2210,SHFE,0_0_     2522484,     3104008,多,开,5061.0,2,2022-04-07 13:59:31
1119,rb2210,SHFE,0_0_     2525021,     3108099,空,开,5065.0,1,2022-04-07 13:59:53
1120,rb2210,SHFE,0_0_     2525021,     3108110,空,开,5065.0,5,2022-04-07 13:59:53
1121,rb2210,SHFE,0_0_     2525021,     3108111,空,开,5065.0,1,2022-04-07 13:59:53
1122,rb2210,SHFE,0_0_     2525021,     3108113,空,开,5065.0,1,2022-04-07 13:59:53
1123,rb2210,SHFE,0_0_     2526281,     3110377,多,平今,5064.0,4,2022-04-07 14:00:02
1124,rb2210,SHFE,0_0_     2526285,     3128765,空,平今,5065.0,4,2022-04-07 14:01:52
1125,rb2210,SHFE,0_0_     2540937,     3128868,多,平今,5064.0,4,2022-04-07 14:01:52
1126,rb2210,SHFE,0_0_     2543045,     3133402,多,开,5069.0,1,2022-04-07 14:02:11
1127,rb2210,SHFE,0_0_     2543045,     3133417,多,开,5069.0,1,2022-04-07 14:02:11
1128,rb2210,SHFE,0_0_     2543331,     3134094,多,开,5070.0,1,2022-04-07 14:02:15
1129,rb2210,SHFE,0_0_     2543331,     3134095,多,开,5070.0,1,2022-04-07 14:02:15
1130,rb2210,SHFE,0_0_     2543331,     3134096,多,开,5070.0,1,2022-04-07 14:02:15
1131,rb2210,SHFE,0_0_     2543588,     3134474,空,平今,5071.0,2,2022-04-07 14:02:18
1132,rb2210,SHFE,0_0_     2543702,     3134557,空,开,5071.0,6,2022-04-07 14:02:18
1133,rb2210,SHFE,0_0_     2543712,     3134572,多,平今,5070.0,3,2022-04-07 14:02:18
1134,rb2210,SHFE,0_0_     2543712,     3134578,多,平今,5070.0,1,2022-04-07 14:02:18
1135,rb2210,SHFE,0_0_     2543712,     3134580,多,平今,5070.0,2,2022-04-07 14:02:18
1136,rb2210,SHFE,0_0_     2543733,     3134631,空,开,5071.0,1,2022-04-07 14:02:19
1137,rb2210,SHFE,0_0_     2543733,     3134632,空,开,5071.0,2,2022-04-07 14:02:19
1138,rb2210,SHFE,0_0_     2543733,     3134633,空,开,5071.0,3,2022-04-07 14:02:19
1139,rb2210,SHFE,0_0_     2543776,     3134651,多,平今,5070.0,6,2022-04-07 14:02:19
1140,rb2210,SHFE,0_0_     2543779,     3134778,空,开,5071.0,1,2022-04-07 14:02:20
1141,rb2210,SHFE,0_0_     2543779,     3134787,空,开,5071.0,1,2022-04-07 14:02:20
1142,rb2210,SHFE,0_0_     2543779,     3134793,空,开,5071.0,4,2022-04-07 14:02:20
1143,rb2210,SHFE,0_0_     2544026,     3134954,多,平今,5070.0,4,2022-04-07 14:02:21
1144,rb2210,SHFE,0_0_     2544053,     3135092,空,平今,5071.0,5,2022-04-07 14:02:22
1145,rb2210,SHFE,0_0_     2544146,     3135096,多,开,5070.0,1,2022-04-07 14:02:22
1146,rb2210,SHFE,0_0_     2544146,     3135134,多,开,5070.0,4,2022-04-07 14:02:22
1147,rb2210,SHFE,0_0_     2544188,     3135177,空,平今,5071.0,4,2022-04-07 14:02:22
1148,rb2210,SHFE,0_0_     2545120,     3137285,多,开,5072.0,1,2022-04-07 14:02:35
1149,rb2210,SHFE,0_0_     2545120,     3137286,多,开,5072.0,1,2022-04-07 14:02:35
1150,rb2210,SHFE,0_0_     2545120,     3137287,多,开,5072.0,1,2022-04-07 14:02:35
1151,rb2210,SHFE,0_0_     2545253,     3137575,空,平今,5073.0,1,2022-04-07 14:02:36
1152,rb2210,SHFE,0_0_     2545383,     3137906,空,开,5072.0,4,2022-04-07 14:02:38
1153,rb2210,SHFE,0_0_     2545407,     3137930,多,平今,5071.0,1,2022-04-07 14:02:38
1154,rb2210,SHFE,0_0_     2545407,     3137932,多,平今,5071.0,1,2022-04-07 14:02:38
1155,rb2210,SHFE,0_0_     2545407,     3137935,多,平今,5071.0,1,2022-04-07 14:02:38
1156,rb2210,SHFE,0_0_     2545407,     3138048,多,平今,5071.0,1,2022-04-07 14:02:38
1157,rb2210,SHFE,0_0_     2545560,     3138219,空,平今,5072.0,1,2022-04-07 14:02:39
1158,rb2210,SHFE,0_0_     2545718,     3138421,多,平今,5071.0,1,2022-04-07 14:02:40
1159,rb2210,SHFE,0_0_     2545890,     3138478,空,平今,5072.0,1,2022-04-07 14:02:41
1160,rb2210,SHFE,0_0_     2546163,     3138987,空,开,5072.0,3,2022-04-07 14:02:46
1161,rb2210,SHFE,0_0_     2544201,     3139179,多,开,5070.0,3,2022-04-07 14:02:47
1162,rb2210,SHFE,0_0_     2544201,     3139184,多,开,5070.0,1,2022-04-07 14:02:47
1163,rb2210,SHFE,0_0_     2546423,     3139625,空,平今,5071.0,4,2022-04-07 14:02:51
1164,rb2210,SHFE,0_0_     2550088,     3143503,多,平今,5070.0,1,2022-04-07 14:03:15
1165,rb2210,SHFE,0_0_     2550529,     3143732,多,平今,5070.0,2,2022-04-07 14:03:17
1166,rb2210,SHFE,0_0_     2550636,     3143953,空,开,5071.0,2,2022-04-07 14:03:19
1167,rb2210,SHFE,0_0_     2556938,     3149796,多,平今,5069.0,1,2022-04-07 14:04:15
1168,rb2210,SHFE,0_0_     2556938,     3149877,多,平今,5069.0,2,2022-04-07 14:04:17
1169,rb2210,SHFE,0_0_     2559498,     3152204,空,开,5070.0,4,2022-04-07 14:04:41
1170,rb2210,SHFE,0_0_     2564513,     3157986,空,开,5065.0,1,2022-04-07 14:05:23
1171,rb2210,SHFE,0_0_     2564513,     3157987,空,开,5065.0,1,2022-04-07 14:05:23
1172,rb2210,SHFE,0_0_     2565117,     3159326,多,平今,5066.0,2,2022-04-07 14:05:34
1173,rb2210,SHFE,0_0_     2562785,     3161846,空,平今,5068.0,1,2022-04-07 14:06:06
1174,rb2210,SHFE,0_0_     2574837,     3169343,多,开,5074.0,3,2022-04-07 14:07:13
1175,rb2210,SHFE,0_0_     2574837,     3169344,多,开,5074.0,1,2022-04-07 14:07:13
1176,rb2210,SHFE,0_0_     2574837,     3169345,多,开,5074.0,1,2022-04-07 14:07:13
1177,rb2210,SHFE,0_0_     2574837,     3169346,多,开,5074.0,1,2022-04-07 14:07:13
1178,rb2210,SHFE,0_0_     2574837,     3169347,多,开,5074.0,1,2022-04-07 14:07:13
1179,rb2210,SHFE,0_0_     2575149,     3169416,空,平今,5075.0,1,2022-04-07 14:07:13
1180,rb2210,SHFE,0_0_     2575195,     3169999,空,平今,5077.0,4,2022-04-07 14:07:14
1181,rb2210,SHFE,0_0_     2575200,     3170034,多,开,5076.0,4,2022-04-07 14:07:14
1182,rb2210,SHFE,0_0_     2575227,     3170054,空,平今,5077.0,1,2022-04-07 14:07:14
1183,rb2210,SHFE,0_0_     2575227,     3170059,空,平今,5077.0,3,2022-04-07 14:07:14
1184,rb2210,SHFE,0_0_     2575232,     3170064,多,开,5076.0,4,2022-04-07 14:07:14
1185,rb2210,SHFE,0_0_     2575233,     3170066,空,平今,5077.0,1,2022-04-07 14:07:14
1186,rb2210,SHFE,0_0_     2575233,     3170068,空,平今,5077.0,1,2022-04-07 14:07:14
1187,rb2210,SHFE,0_0_     2575233,     3170070,空,平今,5077.0,1,2022-04-07 14:07:14
1188,rb2210,SHFE,0_0_     2575233,     3170076,空,平今,5077.0,1,2022-04-07 14:07:14
1189,rb2210,SHFE,0_0_     2575245,     3170248,多,开,5076.0,4,2022-04-07 14:07:14
1190,rb2210,SHFE,0_0_     2575268,     3170250,空,平今,5077.0,2,2022-04-07 14:07:14
1191,rb2210,SHFE,0_0_     2575268,     3170251,空,平今,5077.0,2,2022-04-07 14:07:14
1192,rb2210,SHFE,0_0_     2575269,     3170381,多,开,5076.0,1,2022-04-07 14:07:15
1193,rb2210,SHFE,0_0_     2575269,     3170382,多,开,5076.0,1,2022-04-07 14:07:15
1194,rb2210,SHFE,0_0_     2575269,     3170383,多,开,5076.0,1,2022-04-07 14:07:15
1195,rb2210,SHFE,0_0_     2575269,     3170388,多,开,5076.0,1,2022-04-07 14:07:15
1196,rb2210,SHFE,0_0_     2575327,     3170440,空,平今,5077.0,4,2022-04-07 14:07:15
1197,rb2210,SHFE,0_0_     2575332,     3170462,多,开,5076.000000000001,4,2022-04-07 14:07:15
1198,rb2210,SHFE,0_0_     2575358,     3170660,空,平今,5077.0,2,2022-04-07 14:07:16
1199,rb2210,SHFE,0_0_     2575358,     3170662,空,平今,5077.0,1,2022-04-07 14:07:16
1200,rb2210,SHFE,0_0_     2575358,     3170668,空,平今,5077.0,1,2022-04-07 14:07:16
1201,rb2210,SHFE,0_0_     2575450,     3170684,多,开,5076.0,4,2022-04-07 14:07:16
1202,rb2210,SHFE,0_0_     2575472,     3170718,空,平今,5077.0,4,2022-04-07 14:07:16
1203,rb2210,SHFE,0_0_     2575494,     3170808,多,开,5076.0,4,2022-04-07 14:07:17
1204,rb2210,SHFE,0_0_     2575572,     3171020,空,平今,5077.0,4,2022-04-07 14:07:18
1205,rb2210,SHFE,0_0_     2575743,     3171049,多,开,5076.0,1,2022-04-07 14:07:19
1206,rb2210,SHFE,0_0_     2575743,     3171051,多,开,5076.0,1,2022-04-07 14:07:19
1207,rb2210,SHFE,0_0_     2575743,     3171054,多,开,5076.0,1,2022-04-07 14:07:19
1208,rb2210,SHFE,0_0_     2575743,     3171056,多,开,5076.0,1,2022-04-07 14:07:19
1209,rb2210,SHFE,0_0_     2575758,     3171192,空,平今,5077.0,4,2022-04-07 14:07:20
1210,rb2210,SHFE,0_0_     2575902,     3171251,多,开,5076.0,4,2022-04-07 14:07:21
1211,rb2210,SHFE,0_0_     2573763,     3173719,多,开,5072.0,1,2022-04-07 14:07:47
1212,rb2210,SHFE,0_0_     2580103,     3174672,空,平今,5073.0,1,2022-04-07 14:07:57
1213,rb2210,SHFE,0_0_     2572071,     3177380,多,平今,5070.0,1,2022-04-07 14:08:17
1214,rb2210,SHFE,0_0_     2572071,     3177385,多,平今,5070.0,1,2022-04-07 14:08:17
1215,rb2210,SHFE,0_0_     2572071,     3177386,多,平今,5070.0,2,2022-04-07 14:08:17
1216,rb2210,SHFE,0_0_     2584447,     3179111,空,平今,5069.0,1,2022-04-07 14:08:38
1217,rb2210,SHFE,0_0_     2584447,     3179155,空,平今,5069.0,1,2022-04-07 14:08:38
1218,rb2210,SHFE,0_0_     2585355,     3179746,空,开,5069.0,1,2022-04-07 14:08:48
1219,rb2210,SHFE,0_0_     2588069,     3182475,空,开,5071.0,2,2022-04-07 14:09:19
1220,rb2210,SHFE,0_0_     2589053,     3183150,多,平今,5070.0,3,2022-04-07 14:09:30
1221,rb2210,SHFE,0_0_     2589271,     3183650,空,开,5071.0,2,2022-04-07 14:09:34
1222,rb2210,SHFE,0_0_     2589345,     3184091,多,平今,5070.0,2,2022-04-07 14:09:38
1223,rb2210,SHFE,0_0_     2589897,     3184155,空,开,5071.0,2,2022-04-07 14:09:38
1224,rb2210,SHFE,0_0_     2589914,     3184203,多,平今,5070.0,2,2022-04-07 14:09:38
1225,rb2210,SHFE,0_0_     2589927,     3184748,空,开,5071.0,2,2022-04-07 14:09:40
1226,rb2210,SHFE,0_0_     2590140,     3189284,多,开,5070.0,2,2022-04-07 14:10:17
1227,rb2210,SHFE,0_0_     2597981,     3196747,多,平今,5071.0,1,2022-04-07 14:11:15
1228,rb2210,SHFE,0_0_     2598620,     3197032,空,平今,5072.0,1,2022-04-07 14:11:19
1229,rb2210,SHFE,0_0_     2598900,     3197091,多,开,5071.0,1,2022-04-07 14:11:20
1230,rb2210,SHFE,0_0_     2598900,     3197109,多,开,5071.0,2,2022-04-07 14:11:20
1231,rb2210,SHFE,0_0_     2599003,     3197437,空,平今,5072.0,2,2022-04-07 14:11:23
1232,rb2210,SHFE,0_0_     2599591,     3197810,空,开,5072.0,3,2022-04-07 14:11:24
1233,rb2210,SHFE,0_0_     2600887,     3198512,空,开,5072.0,4,2022-04-07 14:11:32
