,code,exchange,orderid,tradeid,direction,offset,price,volume,datetime
0,rb2210,SHFE,0_0_         168,       31515,空,平昨,5069.0,1,2022-04-07 21:00:14
1,rb2210,SHFE,0_0_         168,       31516,空,平昨,5069.0,1,2022-04-07 21:00:14
2,rb2210,SHFE,0_0_         168,       31517,空,平昨,5069.0,2,2022-04-07 21:00:14
3,rb2210,SHFE,0_0_         317,       38289,空,开,5071.0,8,2022-04-07 21:00:21
4,rb2210,SHFE,0_0_         447,       42775,多,平今,5071.0,1,2022-04-07 21:00:26
5,rb2210,SHFE,0_0_         447,       42777,多,平今,5071.0,2,2022-04-07 21:00:26
6,rb2210,SHFE,0_0_         447,       42781,多,平今,5071.0,1,2022-04-07 21:00:26
7,rb2210,SHFE,0_0_         569,       47045,空,开,5074.0,1,2022-04-07 21:00:31
8,rb2210,SHFE,0_0_         569,       47050,空,开,5074.0,3,2022-04-07 21:00:31
9,rb2210,SHFE,0_0_         574,       47104,多,平今,5073.0,2,2022-04-07 21:00:31
10,rb2210,SHFE,0_0_         574,       47107,多,平今,5073.0,1,2022-04-07 21:00:31
11,rb2210,SHFE,0_0_         574,       47140,多,平今,5073.0,1,2022-04-07 21:00:31
12,rb2210,SHFE,0_0_         582,       48368,空,开,5074.0,4,2022-04-07 21:00:33
13,rb2210,SHFE,0_0_         658,       51023,多,平今,5073.0,6,2022-04-07 21:00:38
14,rb2210,SHFE,0_0_         658,       51140,多,平今,5073.0,2,2022-04-07 21:00:38
15,rb2210,SHFE,0_0_         748,       52612,空,开,5075.0,4,2022-04-07 21:00:40
16,rb2210,SHFE,0_0_         793,       52683,多,平今,5074.0,4,2022-04-07 21:00:40
17,rb2210,SHFE,0_0_        1343,       69624,空,开,5069.000000000001,1,2022-04-07 21:01:05
18,rb2210,SHFE,0_0_        1343,       69625,空,开,5069.000000000001,2,2022-04-07 21:01:05
19,rb2210,SHFE,0_0_        1343,       69626,空,开,5069.000000000001,2,2022-04-07 21:01:05
20,rb2210,SHFE,0_0_        1901,       87540,多,开,5075.0,2,2022-04-07 21:01:34
21,rb2210,SHFE,0_0_        1901,       87702,多,开,5075.0,1,2022-04-07 21:01:35
22,rb2210,SHFE,0_0_        1901,       87731,多,开,5075.0,1,2022-04-07 21:01:35
23,rb2210,SHFE,0_0_        1925,       97423,空,平昨,5076.0,1,2022-04-07 21:01:55
24,rb2210,SHFE,0_0_        1925,       97891,空,平昨,5076.0,1,2022-04-07 21:01:56
25,rb2210,SHFE,0_0_        2329,      103100,多,平今,5075.0,1,2022-04-07 21:02:04
26,rb2210,SHFE,0_0_        2593,      103148,空,平今,5076.0,1,2022-04-07 21:02:05
27,rb2210,SHFE,0_0_        3083,      112402,空,平今,5075.0,2,2022-04-07 21:02:21
28,rb2210,SHFE,0_0_        3390,      115386,多,平今,5077.0,1,2022-04-07 21:02:28
29,rb2210,SHFE,0_0_        3391,      131773,空,平今,5078.0,1,2022-04-07 21:03:12
30,rb2210,SHFE,0_0_        4884,      131883,多,平今,5077.0,1,2022-04-07 21:03:12
31,rb2210,SHFE,0_0_        4936,      132208,多,平今,5077.0,1,2022-04-07 21:03:13
32,rb2210,SHFE,0_0_        4941,      132291,空,开,5078.0,1,2022-04-07 21:03:13
33,rb2210,SHFE,0_0_        4952,      143759,多,平今,5077.0,1,2022-04-07 21:03:45
34,rb2210,SHFE,0_0_        6194,      146162,空,开,5078.0,1,2022-04-07 21:03:52
35,rb2210,SHFE,0_0_        6416,      147062,多,平今,5077.0,1,2022-04-07 21:03:54
36,rb2210,SHFE,0_0_        6871,      150254,空,开,5079.0,1,2022-04-07 21:04:03
37,rb2210,SHFE,0_0_        6871,      150255,空,开,5079.0,1,2022-04-07 21:04:03
38,rb2210,SHFE,0_0_        7619,      156564,多,平今,5077.0,3,2022-04-07 21:04:21
39,rb2210,SHFE,0_0_        7806,      156790,空,开,5078.0,1,2022-04-07 21:04:22
40,rb2210,SHFE,0_0_        7806,      156794,空,开,5078.0,1,2022-04-07 21:04:22
41,rb2210,SHFE,0_0_        7806,      156868,空,开,5078.0,1,2022-04-07 21:04:22
42,rb2210,SHFE,0_0_        7894,      158904,多,平今,5077.0,2,2022-04-07 21:04:31
43,rb2210,SHFE,0_0_        8203,      188317,空,开,5078.0,2,2022-04-07 21:05:42
44,rb2210,SHFE,0_0_       18174,      206108,多,开,5076.0,4,2022-04-07 21:06:46
45,rb2210,SHFE,0_0_       19557,      206124,空,开,5077.0,1,2022-04-07 21:06:46
46,rb2210,SHFE,0_0_       19557,      206125,空,开,5077.0,1,2022-04-07 21:06:46
47,rb2210,SHFE,0_0_       19557,      206126,空,开,5077.0,1,2022-04-07 21:06:46
48,rb2210,SHFE,0_0_       19557,      206128,空,开,5077.0,1,2022-04-07 21:06:46
49,rb2210,SHFE,0_0_       19557,      206134,空,开,5077.0,1,2022-04-07 21:06:46
50,rb2210,SHFE,0_0_       19564,      206158,多,平今,5076.0,5,2022-04-07 21:06:46
51,rb2210,SHFE,0_0_       19566,      206514,空,开,5077.0,1,2022-04-07 21:06:47
52,rb2210,SHFE,0_0_       19566,      206522,空,开,5077.0,2,2022-04-07 21:06:47
53,rb2210,SHFE,0_0_       19566,      206533,空,开,5077.0,1,2022-04-07 21:06:47
54,rb2210,SHFE,0_0_       19566,      206633,空,开,5077.0,1,2022-04-07 21:06:47
55,rb2210,SHFE,0_0_       19700,      207216,空,平今,5076.0,1,2022-04-07 21:06:49
56,rb2210,SHFE,0_0_       20321,      209048,空,平今,5078.0,1,2022-04-07 21:06:58
57,rb2210,SHFE,0_0_       20363,      211617,多,平今,5077.0,2,2022-04-07 21:07:05
58,rb2210,SHFE,0_0_       21981,      217196,空,平今,5080.0,1,2022-04-07 21:07:22
59,rb2210,SHFE,0_0_       22367,      218390,多,开,5081.0,2,2022-04-07 21:07:26
60,rb2210,SHFE,0_0_       22367,      218391,多,开,5081.0,1,2022-04-07 21:07:26
61,rb2210,SHFE,0_0_       22367,      218392,多,开,5081.0,1,2022-04-07 21:07:26
62,rb2210,SHFE,0_0_       22100,      220384,多,平今,5079.0,4,2022-04-07 21:07:35
63,rb2210,SHFE,0_0_       26823,      231435,空,平今,5077.0,1,2022-04-07 21:08:15
64,rb2210,SHFE,0_0_       27712,      233988,多,平今,5076.0,1,2022-04-07 21:08:26
65,rb2210,SHFE,0_0_       27712,      233990,多,平今,5076.0,1,2022-04-07 21:08:26
66,rb2210,SHFE,0_0_       30645,      239406,空,开,5079.0,1,2022-04-07 21:08:54
67,rb2210,SHFE,0_0_       30645,      239423,空,开,5079.0,1,2022-04-07 21:08:54
68,rb2210,SHFE,0_0_       30645,      239487,空,开,5079.0,1,2022-04-07 21:08:54
69,rb2210,SHFE,0_0_       30645,      239490,空,开,5079.0,1,2022-04-07 21:08:54
70,rb2210,SHFE,0_0_       23733,      241045,空,平今,5081.0,3,2022-04-07 21:09:00
71,rb2210,SHFE,0_0_       38203,      261049,多,开,5080.0,1,2022-04-07 21:10:23
72,rb2210,SHFE,0_0_       38203,      261185,多,开,5080.0,1,2022-04-07 21:10:24
73,rb2210,SHFE,0_0_       38203,      261278,多,开,5080.0,1,2022-04-07 21:10:25
74,rb2210,SHFE,0_0_       38203,      261281,多,开,5080.0,2,2022-04-07 21:10:25
75,rb2210,SHFE,0_0_       38203,      261313,多,开,5080.0,1,2022-04-07 21:10:25
76,rb2210,SHFE,0_0_       43431,      261489,空,平今,5081.0,1,2022-04-07 21:10:25
77,rb2210,SHFE,0_0_       43576,      261498,空,平今,5081.0,1,2022-04-07 21:10:25
78,rb2210,SHFE,0_0_       43651,      262853,空,平今,5083.0,5,2022-04-07 21:10:31
79,rb2210,SHFE,0_0_       45090,      264358,多,开,5082.0,1,2022-04-07 21:10:36
80,rb2210,SHFE,0_0_       45090,      264480,多,开,5082.0,1,2022-04-07 21:10:36
81,rb2210,SHFE,0_0_       45090,      264578,多,开,5082.0,1,2022-04-07 21:10:37
82,rb2210,SHFE,0_0_       45090,      264614,多,开,5082.0,1,2022-04-07 21:10:37
83,rb2210,SHFE,0_0_       47466,      267179,多,平今,5082.0,2,2022-04-07 21:10:47
84,rb2210,SHFE,0_0_       60939,      285135,空,平今,5082.0,4,2022-04-07 21:12:15
85,rb2210,SHFE,0_0_       61003,      292528,空,开,5083.0,3,2022-04-07 21:13:05
86,rb2210,SHFE,0_0_       68875,      295024,空,开,5083.0,3,2022-04-07 21:13:16
87,rb2210,SHFE,0_0_       70489,      295713,多,平今,5084.0,3,2022-04-07 21:13:20
88,rb2210,SHFE,0_0_       73853,      299522,多,开,5085.0,4,2022-04-07 21:13:40
89,rb2210,SHFE,0_0_       74185,      299941,空,平今,5085.0,2,2022-04-07 21:13:42
90,rb2210,SHFE,0_0_       74763,      300628,多,开,5085.0,4,2022-04-07 21:13:46
91,rb2210,SHFE,0_0_       81195,      307693,空,平今,5086.0,3,2022-04-07 21:14:25
92,rb2210,SHFE,0_0_       85017,      312728,空,平今,5086.0,1,2022-04-07 21:14:47
93,rb2210,SHFE,0_0_       85017,      312805,空,平今,5086.0,1,2022-04-07 21:14:48
94,rb2210,SHFE,0_0_       85017,      312831,空,平今,5086.0,1,2022-04-07 21:14:48
95,rb2210,SHFE,0_0_       85812,      313583,空,开,5086.0,1,2022-04-07 21:14:51
96,rb2210,SHFE,0_0_       85812,      313612,空,开,5086.0,1,2022-04-07 21:14:51
97,rb2210,SHFE,0_0_       81532,      313695,多,开,5085.0,4,2022-04-07 21:14:51
98,rb2210,SHFE,0_0_       70872,      314964,多,平今,5083.0,2,2022-04-07 21:14:58
99,rb2210,SHFE,0_0_       90321,      320754,多,平今,5083.0,1,2022-04-07 21:15:27
100,rb2210,SHFE,0_0_       92035,      321185,空,开,5084.0,2,2022-04-07 21:15:31
101,rb2210,SHFE,0_0_       92264,      323657,多,平今,5083.0,3,2022-04-07 21:15:48
102,rb2210,SHFE,0_0_       97107,      329143,多,平今,5082.0,1,2022-04-07 21:16:25
103,rb2210,SHFE,0_0_      101210,      330768,空,开,5081.0,3,2022-04-07 21:16:38
104,rb2210,SHFE,0_0_      101903,      332543,多,平今,5081.0,4,2022-04-07 21:16:45
105,rb2210,SHFE,0_0_      102773,      333408,多,平今,5081.0,1,2022-04-07 21:16:50
106,rb2210,SHFE,0_0_      103398,      334026,多,开,5081.0,1,2022-04-07 21:16:53
107,rb2210,SHFE,0_0_      104406,      334883,空,开,5082.0,7,2022-04-07 21:16:58
108,rb2210,SHFE,0_0_      116099,      354995,空,平今,5079.0,1,2022-04-07 21:18:26
109,rb2210,SHFE,0_0_      117662,      355212,多,平今,5078.0,1,2022-04-07 21:18:27
110,rb2210,SHFE,0_0_      117662,      355226,多,平今,5078.0,1,2022-04-07 21:18:27
111,rb2210,SHFE,0_0_      118847,      358304,多,平今,5078.0,4,2022-04-07 21:18:43
112,rb2210,SHFE,0_0_      120381,      358323,空,开,5079.0,3,2022-04-07 21:18:43
113,rb2210,SHFE,0_0_      120381,      358347,空,开,5079.0,1,2022-04-07 21:18:44
114,rb2210,SHFE,0_0_      126862,      366048,多,开,5081.0,3,2022-04-07 21:19:34
115,rb2210,SHFE,0_0_       86438,      383162,空,平今,5086.0,4,2022-04-07 21:21:18
116,rb2210,SHFE,0_0_      143622,      384717,空,平今,5086.0,1,2022-04-07 21:21:30
117,rb2210,SHFE,0_0_      144974,      387134,空,平今,5087.0,1,2022-04-07 21:21:48
118,rb2210,SHFE,0_0_      145922,      387771,多,开,5087.0,1,2022-04-07 21:21:54
119,rb2210,SHFE,0_0_      145922,      387772,多,开,5087.0,1,2022-04-07 21:21:54
120,rb2210,SHFE,0_0_      146166,      388011,空,平今,5087.0,1,2022-04-07 21:21:57
121,rb2210,SHFE,0_0_      149931,      393571,空,开,5088.0,1,2022-04-07 21:22:29
122,rb2210,SHFE,0_0_      149931,      393574,空,开,5088.0,1,2022-04-07 21:22:29
123,rb2210,SHFE,0_0_      149931,      393857,空,开,5088.0,1,2022-04-07 21:22:32
124,rb2210,SHFE,0_0_      152189,      395152,多,平今,5088.0,1,2022-04-07 21:22:42
125,rb2210,SHFE,0_0_      152520,      395233,多,平今,5088.0,1,2022-04-07 21:22:42
126,rb2210,SHFE,0_0_      152690,      395292,空,平今,5088.0,2,2022-04-07 21:22:43
127,rb2210,SHFE,0_0_      153338,      397347,多,平今,5087.0,1,2022-04-07 21:22:59
128,rb2210,SHFE,0_0_      155057,      397440,多,平今,5088.0,1,2022-04-07 21:23:00
129,rb2210,SHFE,0_0_      155057,      397486,多,平今,5088.0,1,2022-04-07 21:23:01
130,rb2210,SHFE,0_0_      157086,      401013,多,平今,5091.0,2,2022-04-07 21:23:13
131,rb2210,SHFE,0_0_      156245,      401376,多,平今,5090.0,1,2022-04-07 21:23:15
132,rb2210,SHFE,0_0_      159611,      404706,空,开,5092.0,1,2022-04-07 21:23:30
133,rb2210,SHFE,0_0_      159681,      404974,多,平今,5091.0,1,2022-04-07 21:23:32
134,rb2210,SHFE,0_0_      164351,      411701,空,开,5092.0,1,2022-04-07 21:24:18
135,rb2210,SHFE,0_0_      164351,      411706,空,开,5092.0,3,2022-04-07 21:24:18
136,rb2210,SHFE,0_0_      164806,      418293,空,开,5092.0,4,2022-04-07 21:24:55
137,rb2210,SHFE,0_0_      169931,      419107,多,平今,5092.0,2,2022-04-07 21:24:59
138,rb2210,SHFE,0_0_      169771,      421380,多,平今,5091.0,1,2022-04-07 21:25:05
139,rb2210,SHFE,0_0_      169771,      421396,多,平今,5091.0,1,2022-04-07 21:25:05
140,rb2210,SHFE,0_0_      169771,      421438,多,平今,5091.0,2,2022-04-07 21:25:06
141,rb2210,SHFE,0_0_      171627,      421835,空,开,5091.0,4,2022-04-07 21:25:07
142,rb2210,SHFE,0_0_      171961,      422425,空,开,5091.0,2,2022-04-07 21:25:09
143,rb2210,SHFE,0_0_      172880,      423969,多,平今,5090.0,1,2022-04-07 21:25:14
144,rb2210,SHFE,0_0_      172880,      423974,多,平今,5090.0,1,2022-04-07 21:25:14
145,rb2210,SHFE,0_0_      176315,      428199,多,平今,5091.0,1,2022-04-07 21:25:38
146,rb2210,SHFE,0_0_      177777,      430278,空,开,5091.0,1,2022-04-07 21:25:57
147,rb2210,SHFE,0_0_      166708,      430928,多,平今,5089.0,1,2022-04-07 21:26:03
148,rb2210,SHFE,0_0_      179770,      431254,多,平今,5090.0,1,2022-04-07 21:26:06
149,rb2210,SHFE,0_0_      180834,      432801,空,开,5091.0,4,2022-04-07 21:26:16
150,rb2210,SHFE,0_0_      186505,      442872,多,开,5094.0,2,2022-04-07 21:27:05
151,rb2210,SHFE,0_0_      190554,      445369,多,开,5095.0,1,2022-04-07 21:27:18
152,rb2210,SHFE,0_0_      195666,      451358,空,平今,5096.0,1,2022-04-07 21:27:53
153,rb2210,SHFE,0_0_      195782,      451800,多,开,5095.0,1,2022-04-07 21:27:57
154,rb2210,SHFE,0_0_      197589,      453533,空,平今,5095.0,2,2022-04-07 21:28:09
155,rb2210,SHFE,0_0_      198011,      453943,空,平今,5095.0,1,2022-04-07 21:28:12
156,rb2210,SHFE,0_0_      198535,      454417,多,开,5095.0,1,2022-04-07 21:28:15
157,rb2210,SHFE,0_0_      183252,      455410,多,开,5092.0,1,2022-04-07 21:28:22
158,rb2210,SHFE,0_0_      206301,      463860,空,平今,5095.0,1,2022-04-07 21:29:24
159,rb2210,SHFE,0_0_      209648,      465957,多,开,5095.0,3,2022-04-07 21:29:39
160,rb2210,SHFE,0_0_      209788,      465991,空,平今,5095.0,2,2022-04-07 21:29:40
161,rb2210,SHFE,0_0_      209919,      466368,多,开,5095.0,2,2022-04-07 21:29:42
162,rb2210,SHFE,0_0_      210179,      466804,空,平今,5095.0,1,2022-04-07 21:29:45
163,rb2210,SHFE,0_0_      181388,      471184,多,平今,5090.0,1,2022-04-07 21:30:06
164,rb2210,SHFE,0_0_      181388,      471197,多,平今,5090.0,1,2022-04-07 21:30:06
165,rb2210,SHFE,0_0_      181388,      471201,多,平今,5090.0,1,2022-04-07 21:30:06
166,rb2210,SHFE,0_0_      181388,      471210,多,平今,5090.0,1,2022-04-07 21:30:06
167,rb2210,SHFE,0_0_      181388,      471260,多,平今,5090.0,1,2022-04-07 21:30:06
168,rb2210,SHFE,0_0_      181388,      471269,多,平今,5090.0,1,2022-04-07 21:30:06
169,rb2210,SHFE,0_0_      181388,      471270,多,平今,5090.0,2,2022-04-07 21:30:06
170,rb2210,SHFE,0_0_      155385,      471772,多,开,5088.0,3,2022-04-07 21:30:08
171,rb2210,SHFE,0_0_      155385,      471814,多,开,5088.0,1,2022-04-07 21:30:08
172,rb2210,SHFE,0_0_      214218,      472380,空,开,5088.0,4,2022-04-07 21:30:11
173,rb2210,SHFE,0_0_      213931,      473502,空,平今,5089.0,3,2022-04-07 21:30:12
174,rb2210,SHFE,0_0_      215218,      474675,多,平今,5089.0,1,2022-04-07 21:30:14
175,rb2210,SHFE,0_0_      215602,      475791,空,平今,5089.0,1,2022-04-07 21:30:16
176,rb2210,SHFE,0_0_      215610,      476214,多,平今,5088.0,1,2022-04-07 21:30:17
177,rb2210,SHFE,0_0_      215785,      476747,空,平今,5089.0,1,2022-04-07 21:30:20
178,rb2210,SHFE,0_0_      216249,      477000,空,平今,5089.0,1,2022-04-07 21:30:20
179,rb2210,SHFE,0_0_      216341,      477226,多,平今,5088.0,1,2022-04-07 21:30:22
180,rb2210,SHFE,0_0_      216364,      477228,多,开,5088.0,3,2022-04-07 21:30:22
181,rb2210,SHFE,0_0_      219750,      480821,空,开,5093.0,2,2022-04-07 21:30:40
182,rb2210,SHFE,0_0_      219750,      480895,空,开,5093.0,1,2022-04-07 21:30:41
183,rb2210,SHFE,0_0_      219750,      480931,空,开,5093.0,1,2022-04-07 21:30:41
184,rb2210,SHFE,0_0_      220560,      482276,空,平今,5093.0,3,2022-04-07 21:30:46
185,rb2210,SHFE,0_0_      221992,      482607,多,平今,5093.0,4,2022-04-07 21:30:47
186,rb2210,SHFE,0_0_      224155,      484825,空,开,5093.000000000001,1,2022-04-07 21:31:01
187,rb2210,SHFE,0_0_      225039,      487975,多,平今,5092.0,1,2022-04-07 21:31:17
188,rb2210,SHFE,0_0_      225039,      488085,多,平今,5092.0,1,2022-04-07 21:31:18
189,rb2210,SHFE,0_0_      228532,      488526,空,开,5093.0,1,2022-04-07 21:31:21
190,rb2210,SHFE,0_0_      211431,      490826,空,平今,5095.0,1,2022-04-07 21:31:36
191,rb2210,SHFE,0_0_      232340,      491228,多,开,5095.000000000001,2,2022-04-07 21:31:38
192,rb2210,SHFE,0_0_      232386,      491327,空,开,5095.0,4,2022-04-07 21:31:39
193,rb2210,SHFE,0_0_      232834,      492083,空,平今,5095.0,2,2022-04-07 21:31:45
194,rb2210,SHFE,0_0_      233423,      492938,多,平今,5094.0,1,2022-04-07 21:31:50
195,rb2210,SHFE,0_0_      233423,      492966,多,平今,5094.0,3,2022-04-07 21:31:51
196,rb2210,SHFE,0_0_      234819,      493663,多,开,5094.0,3,2022-04-07 21:31:58
197,rb2210,SHFE,0_0_      236059,      494407,空,平今,5095.0,1,2022-04-07 21:32:01
198,rb2210,SHFE,0_0_      236502,      494643,空,平今,5095.0,2,2022-04-07 21:32:02
199,rb2210,SHFE,0_0_      236699,      495123,多,开,5095.0,2,2022-04-07 21:32:05
200,rb2210,SHFE,0_0_      236699,      495133,多,开,5095.0,1,2022-04-07 21:32:05
201,rb2210,SHFE,0_0_      240890,      500491,空,平今,5098.0,1,2022-04-07 21:32:29
202,rb2210,SHFE,0_0_      245935,      508590,空,开,5102.0,3,2022-04-07 21:32:51
203,rb2210,SHFE,0_0_      246172,      508630,多,平今,5101.0,1,2022-04-07 21:32:51
204,rb2210,SHFE,0_0_      246172,      508633,多,平今,5101.0,1,2022-04-07 21:32:51
205,rb2210,SHFE,0_0_      246172,      508634,多,平今,5101.0,1,2022-04-07 21:32:51
206,rb2210,SHFE,0_0_      246183,      508860,空,开,5102.0,3,2022-04-07 21:32:52
207,rb2210,SHFE,0_0_      246399,      508946,多,平今,5101.0,1,2022-04-07 21:32:52
208,rb2210,SHFE,0_0_      246399,      508975,多,平今,5101.0,1,2022-04-07 21:32:52
209,rb2210,SHFE,0_0_      246399,      508985,多,平今,5101.0,1,2022-04-07 21:32:52
210,rb2210,SHFE,0_0_      246529,      510156,空,开,5102.0,2,2022-04-07 21:32:59
211,rb2210,SHFE,0_0_      246529,      510265,空,开,5102.0,1,2022-04-07 21:32:59
212,rb2210,SHFE,0_0_      247765,      510364,多,平今,5101.0,3,2022-04-07 21:32:59
213,rb2210,SHFE,0_0_      249627,      513064,多,平今,5101.0,1,2022-04-07 21:33:08
214,rb2210,SHFE,0_0_      249802,      513435,空,平今,5102.0,1,2022-04-07 21:33:10
215,rb2210,SHFE,0_0_      250239,      513509,多,开,5101.0,1,2022-04-07 21:33:11
216,rb2210,SHFE,0_0_      256643,      519175,空,开,5099.0,1,2022-04-07 21:33:51
217,rb2210,SHFE,0_0_      256643,      519180,空,开,5099.0,1,2022-04-07 21:33:51
218,rb2210,SHFE,0_0_      256643,      519183,空,开,5099.0,1,2022-04-07 21:33:51
219,rb2210,SHFE,0_0_      280220,      538470,多,平今,5098.0,3,2022-04-07 21:36:27
220,rb2210,SHFE,0_0_      281019,      538830,多,开,5098.0,2,2022-04-07 21:36:30
221,rb2210,SHFE,0_0_      311410,      563017,空,开,5097.0,2,2022-04-07 21:39:59
222,rb2210,SHFE,0_0_      311480,      565235,多,平今,5096.0,2,2022-04-07 21:40:09
223,rb2210,SHFE,0_0_      299119,      571483,多,开,5093.0,4,2022-04-07 21:40:40
224,rb2210,SHFE,0_0_      320281,      574308,空,开,5092.0,1,2022-04-07 21:41:00
225,rb2210,SHFE,0_0_      324197,      577630,空,开,5090.0,4,2022-04-07 21:41:28
226,rb2210,SHFE,0_0_      325758,      587389,多,平今,5088.0,1,2022-04-07 21:42:40
227,rb2210,SHFE,0_0_      350476,      600396,多,平今,5089.0,1,2022-04-07 21:44:50
228,rb2210,SHFE,0_0_      350476,      600504,多,平今,5089.0,1,2022-04-07 21:44:51
229,rb2210,SHFE,0_0_      350476,      600624,多,平今,5089.0,1,2022-04-07 21:44:52
230,rb2210,SHFE,0_0_      360280,      606633,空,开,5090.0,1,2022-04-07 21:45:44
231,rb2210,SHFE,0_0_      360712,      609455,空,开,5090.0,1,2022-04-07 21:46:13
232,rb2210,SHFE,0_0_      323892,      611749,空,开,5092.0,1,2022-04-07 21:46:37
233,rb2210,SHFE,0_0_      366963,      612152,多,平今,5091.0,1,2022-04-07 21:46:43
234,rb2210,SHFE,0_0_      368583,      613549,空,开,5092.0,1,2022-04-07 21:47:03
235,rb2210,SHFE,0_0_      318416,      623038,空,平今,5094.0,4,2022-04-07 21:48:09
236,rb2210,SHFE,0_0_      379598,      625067,多,平今,5093.0,2,2022-04-07 21:48:26
237,rb2210,SHFE,0_0_      380816,      626139,空,开,5093.0,1,2022-04-07 21:48:33
238,rb2210,SHFE,0_0_      386164,      632442,多,平今,5091.0,2,2022-04-07 21:49:45
239,rb2210,SHFE,0_0_      389294,      632765,空,开,5092.0,1,2022-04-07 21:49:53
240,rb2210,SHFE,0_0_      389294,      632766,空,开,5092.0,1,2022-04-07 21:49:53
241,rb2210,SHFE,0_0_      389294,      632767,空,开,5092.0,2,2022-04-07 21:49:53
242,rb2210,SHFE,0_0_      380268,      634019,空,开,5094.0,1,2022-04-07 21:50:07
243,rb2210,SHFE,0_0_      391280,      635594,多,平今,5093.0,1,2022-04-07 21:50:18
244,rb2210,SHFE,0_0_      390382,      637445,多,平今,5092.0,1,2022-04-07 21:50:28
245,rb2210,SHFE,0_0_      394633,      638606,多,平今,5091.0,4,2022-04-07 21:50:35
246,rb2210,SHFE,0_0_      398442,      644600,空,开,5089.0,1,2022-04-07 21:51:19
247,rb2210,SHFE,0_0_      399499,      645805,多,开,5088.0,2,2022-04-07 21:51:29
248,rb2210,SHFE,0_0_      400754,      650140,空,平今,5088.0,4,2022-04-07 21:51:59
249,rb2210,SHFE,0_0_      404140,      650146,多,开,5087.0,1,2022-04-07 21:51:59
250,rb2210,SHFE,0_0_      404140,      650165,多,开,5087.0,2,2022-04-07 21:51:59
251,rb2210,SHFE,0_0_      404140,      650301,多,开,5087.0,1,2022-04-07 21:51:59
252,rb2210,SHFE,0_0_      406599,      652607,多,平今,5088.0,1,2022-04-07 21:52:17
253,rb2210,SHFE,0_0_      418957,      663648,空,平今,5086.0,1,2022-04-07 21:54:12
254,rb2210,SHFE,0_0_      431091,      673888,多,开,5089.0,1,2022-04-07 21:55:53
255,rb2210,SHFE,0_0_      458995,      700025,多,开,5083.0,1,2022-04-07 21:59:35
256,rb2210,SHFE,0_0_      461110,      700647,空,开,5084.0,3,2022-04-07 21:59:41
257,rb2210,SHFE,0_0_      461301,      701047,多,平今,5083.0,1,2022-04-07 21:59:46
258,rb2210,SHFE,0_0_      462569,      702027,空,开,5083.0,1,2022-04-07 21:59:53
259,rb2210,SHFE,0_0_      462335,      704294,空,平今,5084.0,2,2022-04-07 22:00:02
260,rb2210,SHFE,0_0_      466189,      706308,空,开,5084.0,2,2022-04-07 22:00:13
261,rb2210,SHFE,0_0_      467400,      709921,空,开,5083.0,1,2022-04-07 22:00:31
262,rb2210,SHFE,0_0_      467400,      709947,空,开,5083.0,1,2022-04-07 22:00:32
263,rb2210,SHFE,0_0_      473109,      716759,多,平今,5081.0,1,2022-04-07 22:01:13
264,rb2210,SHFE,0_0_      473109,      716825,多,平今,5081.0,1,2022-04-07 22:01:13
265,rb2210,SHFE,0_0_      473109,      716904,多,平今,5081.0,1,2022-04-07 22:01:14
266,rb2210,SHFE,0_0_      473109,      716906,多,平今,5081.0,1,2022-04-07 22:01:14
267,rb2210,SHFE,0_0_      478655,      719506,空,开,5081.0,1,2022-04-07 22:01:26
268,rb2210,SHFE,0_0_      482116,      723670,空,平今,5078.0,1,2022-04-07 22:01:55
269,rb2210,SHFE,0_0_      491399,      733524,空,平今,5077.0,1,2022-04-07 22:03:00
270,rb2210,SHFE,0_0_      491399,      733537,空,平今,5077.0,1,2022-04-07 22:03:00
271,rb2210,SHFE,0_0_      501519,      742397,空,平今,5078.0,1,2022-04-07 22:04:03
272,rb2210,SHFE,0_0_      510091,      750352,空,平今,5074.0,1,2022-04-07 22:04:59
273,rb2210,SHFE,0_0_      513036,      753640,多,平今,5070.0,2,2022-04-07 22:05:16
274,rb2210,SHFE,0_0_      513289,      754062,多,开,5070.0,3,2022-04-07 22:05:19
275,rb2210,SHFE,0_0_      513876,      754462,多,平今,5070.0,1,2022-04-07 22:05:22
276,rb2210,SHFE,0_0_      516997,      758108,空,平今,5069.0,3,2022-04-07 22:05:39
277,rb2210,SHFE,0_0_      522014,      766660,多,平今,5067.0,1,2022-04-07 22:06:03
278,rb2210,SHFE,0_0_      522261,      770698,空,开,5067.0,4,2022-04-07 22:06:14
279,rb2210,SHFE,0_0_      524339,      770825,多,平今,5066.0,4,2022-04-07 22:06:14
280,rb2210,SHFE,0_0_      527316,      776116,多,开,5062.0,1,2022-04-07 22:06:35
281,rb2210,SHFE,0_0_      534797,      789544,多,开,5065.0,1,2022-04-07 22:07:38
282,rb2210,SHFE,0_0_      516749,      797797,空,开,5071.0,4,2022-04-07 22:08:11
283,rb2210,SHFE,0_0_      541997,      798681,多,平今,5070.0,1,2022-04-07 22:08:14
284,rb2210,SHFE,0_0_      542798,      799788,空,平今,5071.0,1,2022-04-07 22:08:19
285,rb2210,SHFE,0_0_      542798,      799892,空,平今,5071.0,1,2022-04-07 22:08:20
286,rb2210,SHFE,0_0_      543565,      799896,多,平今,5070.0,1,2022-04-07 22:08:20
287,rb2210,SHFE,0_0_      543670,      800434,多,平今,5070.0,2,2022-04-07 22:08:22
288,rb2210,SHFE,0_0_      546631,      804622,空,开,5069.0,4,2022-04-07 22:08:43
289,rb2210,SHFE,0_0_      548089,      806158,多,平今,5069.0,2,2022-04-07 22:08:53
290,rb2210,SHFE,0_0_      548089,      806956,多,平今,5069.0,2,2022-04-07 22:08:57
291,rb2210,SHFE,0_0_      552558,      810519,多,开,5071.0,2,2022-04-07 22:09:18
292,rb2210,SHFE,0_0_      571398,      832393,多,开,5071.0,4,2022-04-07 22:11:37
293,rb2210,SHFE,0_0_      577021,      832498,空,平今,5071.0,1,2022-04-07 22:11:37
294,rb2210,SHFE,0_0_      577021,      832502,空,平今,5071.0,3,2022-04-07 22:11:37
295,rb2210,SHFE,0_0_      577108,      832609,空,平今,5071.0,2,2022-04-07 22:11:38
296,rb2210,SHFE,0_0_      577718,      833059,多,开,5071.0,2,2022-04-07 22:11:42
297,rb2210,SHFE,0_0_      584398,      838589,多,开,5070.0,4,2022-04-07 22:12:27
298,rb2210,SHFE,0_0_      601928,      855750,空,平今,5069.0,2,2022-04-07 22:15:02
299,rb2210,SHFE,0_0_      605232,      855755,多,开,5068.0,2,2022-04-07 22:15:02
300,rb2210,SHFE,0_0_      605235,      856008,空,平今,5069.0,2,2022-04-07 22:15:03
301,rb2210,SHFE,0_0_      605847,      857048,多,开,5069.0,1,2022-04-07 22:15:12
302,rb2210,SHFE,0_0_      610248,      859015,多,开,5069.0,2,2022-04-07 22:15:37
303,rb2210,SHFE,0_0_      607657,      859493,空,平今,5070.0,1,2022-04-07 22:15:41
304,rb2210,SHFE,0_0_      620633,      867360,多,开,5072.0,1,2022-04-07 22:16:39
305,rb2210,SHFE,0_0_      622826,      870100,空,平今,5075.0,1,2022-04-07 22:17:04
306,rb2210,SHFE,0_0_      631098,      878506,空,平今,5076.0,1,2022-04-07 22:18:08
307,rb2210,SHFE,0_0_      625765,      879688,空,平今,5078.0,1,2022-04-07 22:18:17
308,rb2210,SHFE,0_0_      633315,      880869,多,开,5077.0,1,2022-04-07 22:18:26
309,rb2210,SHFE,0_0_      634178,      881825,空,平今,5078.000000000001,1,2022-04-07 22:18:31
310,rb2210,SHFE,0_0_      634839,      889332,多,开,5077.0,1,2022-04-07 22:19:29
311,rb2210,SHFE,0_0_      653853,      901913,空,平今,5077.0,4,2022-04-07 22:21:06
312,rb2210,SHFE,0_0_      646620,      902077,多,开,5076.0,2,2022-04-07 22:21:07
313,rb2210,SHFE,0_0_      653960,      902177,空,平今,5077.0,2,2022-04-07 22:21:07
314,rb2210,SHFE,0_0_      653973,      902313,空,开,5077.0,4,2022-04-07 22:21:10
315,rb2210,SHFE,0_0_      656501,      904335,多,平今,5079.0,1,2022-04-07 22:21:27
316,rb2210,SHFE,0_0_      656501,      904336,多,平今,5079.0,2,2022-04-07 22:21:27
317,rb2210,SHFE,0_0_      656501,      904338,多,平今,5079.0,1,2022-04-07 22:21:27
318,rb2210,SHFE,0_0_      623166,      910534,多,开,5074.0,1,2022-04-07 22:22:27
319,rb2210,SHFE,0_0_      662832,      910632,空,平今,5075.0,1,2022-04-07 22:22:27
320,rb2210,SHFE,0_0_      663710,      911534,多,开,5075.0,1,2022-04-07 22:22:34
321,rb2210,SHFE,0_0_      663710,      911560,多,开,5075.0,1,2022-04-07 22:22:34
322,rb2210,SHFE,0_0_      663710,      911653,多,开,5075.0,2,2022-04-07 22:22:34
323,rb2210,SHFE,0_0_      663795,      911724,空,平今,5076.0,2,2022-04-07 22:22:35
324,rb2210,SHFE,0_0_      669908,      917542,空,平今,5072.0,2,2022-04-07 22:23:30
325,rb2210,SHFE,0_0_      670865,      917634,多,开,5071.0,1,2022-04-07 22:23:32
326,rb2210,SHFE,0_0_      670865,      917639,多,开,5071.0,1,2022-04-07 22:23:32
327,rb2210,SHFE,0_0_      672983,      920774,空,平今,5072.0,1,2022-04-07 22:24:15
328,rb2210,SHFE,0_0_      675408,      921420,空,平今,5071.0,1,2022-04-07 22:24:19
329,rb2210,SHFE,0_0_      680455,      934567,多,开,5072.0,1,2022-04-07 22:26:51
330,rb2210,SHFE,0_0_      680455,      934568,多,开,5072.0,2,2022-04-07 22:26:51
331,rb2210,SHFE,0_0_      680455,      934569,多,开,5072.0,2,2022-04-07 22:26:51
332,rb2210,SHFE,0_0_      680455,      934570,多,开,5072.0,2,2022-04-07 22:26:51
333,rb2210,SHFE,0_0_      693820,      934616,空,平今,5073.0,1,2022-04-07 22:26:52
334,rb2210,SHFE,0_0_      693820,      934767,空,平今,5073.0,2,2022-04-07 22:26:53
335,rb2210,SHFE,0_0_      694046,      934970,空,开,5072.0,1,2022-04-07 22:26:55
336,rb2210,SHFE,0_0_      694046,      934973,空,开,5072.0,1,2022-04-07 22:26:55
337,rb2210,SHFE,0_0_      694046,      934980,空,开,5072.0,1,2022-04-07 22:26:56
338,rb2210,SHFE,0_0_      694046,      934983,空,开,5072.0,2,2022-04-07 22:26:56
339,rb2210,SHFE,0_0_      694046,      935089,空,开,5072.0,2,2022-04-07 22:26:57
340,rb2210,SHFE,0_0_      693820,      935285,空,平今,5073.0,1,2022-04-07 22:26:59
341,rb2210,SHFE,0_0_      694729,      935557,多,开,5072.0,1,2022-04-07 22:27:00
342,rb2210,SHFE,0_0_      703967,      944594,空,平今,5073.0,2,2022-04-07 22:28:56
343,rb2210,SHFE,0_0_      706205,      946082,多,开,5072.0,1,2022-04-07 22:29:18
344,rb2210,SHFE,0_0_      708772,      946091,空,平今,5073.0,1,2022-04-07 22:29:19
345,rb2210,SHFE,0_0_      694509,      948944,多,平今,5071.000000000001,5,2022-04-07 22:30:01
346,rb2210,SHFE,0_0_      694509,      948962,多,平今,5071.000000000001,1,2022-04-07 22:30:01
347,rb2210,SHFE,0_0_      694509,      948963,多,平今,5071.000000000001,1,2022-04-07 22:30:02
348,rb2210,SHFE,0_0_      727219,      964128,多,开,5084.0,3,2022-04-07 22:32:11
349,rb2210,SHFE,0_0_      727876,      964162,空,平今,5085.0,2,2022-04-07 22:32:11
350,rb2210,SHFE,0_0_      727876,      964163,空,平今,5085.0,1,2022-04-07 22:32:11
351,rb2210,SHFE,0_0_      727876,      964168,空,平今,5085.0,1,2022-04-07 22:32:11
352,rb2210,SHFE,0_0_      731916,      968355,空,平今,5086.0,2,2022-04-07 22:32:58
353,rb2210,SHFE,0_0_      732124,      968906,多,开,5085.0,1,2022-04-07 22:33:02
354,rb2210,SHFE,0_0_      732124,      968912,多,开,5085.0,1,2022-04-07 22:33:02
355,rb2210,SHFE,0_0_      738000,      974184,多,开,5083.0,4,2022-04-07 22:34:05
356,rb2210,SHFE,0_0_      738063,      974265,多,开,5083.0,2,2022-04-07 22:34:06
357,rb2210,SHFE,0_0_      742011,      977701,空,平今,5087.0,4,2022-04-07 22:34:48
358,rb2210,SHFE,0_0_      743161,      979343,多,开,5086.0,2,2022-04-07 22:35:07
359,rb2210,SHFE,0_0_      748902,      985421,多,开,5089.0,1,2022-04-07 22:35:55
360,rb2210,SHFE,0_0_      757480,      996182,空,平今,5085.0,4,2022-04-07 22:36:58
361,rb2210,SHFE,0_0_      758699,      997421,多,开,5086.0,4,2022-04-07 22:37:07
362,rb2210,SHFE,0_0_      757928,     1003495,多,开,5085.0,1,2022-04-07 22:38:10
363,rb2210,SHFE,0_0_      781163,     1018077,空,平今,5083.0,4,2022-04-07 22:40:52
364,rb2210,SHFE,0_0_      782819,     1020780,多,开,5083.0,1,2022-04-07 22:41:21
365,rb2210,SHFE,0_0_      794075,     1030120,空,平今,5078.0,4,2022-04-07 22:42:46
366,rb2210,SHFE,0_0_      807430,     1041819,多,开,5081.0,2,2022-04-07 22:44:36
367,rb2210,SHFE,0_0_      807760,     1042094,空,平今,5081.0,1,2022-04-07 22:44:38
368,rb2210,SHFE,0_0_      784959,     1047096,空,平今,5084.0,1,2022-04-07 22:45:17
369,rb2210,SHFE,0_0_      813380,     1047138,多,开,5083.0,1,2022-04-07 22:45:17
370,rb2210,SHFE,0_0_      842239,     1073940,多,开,5076.0,1,2022-04-07 22:49:25
371,rb2210,SHFE,0_0_      845936,     1076813,空,开,5075.0,7,2022-04-07 22:49:58
372,rb2210,SHFE,0_0_      847434,     1078702,多,平今,5077.0,1,2022-04-07 22:50:14
373,rb2210,SHFE,0_0_      848663,     1080337,多,平今,5075.0,1,2022-04-07 22:50:23
374,rb2210,SHFE,0_0_      849218,     1081024,空,平今,5075.0,2,2022-04-07 22:50:29
375,rb2210,SHFE,0_0_      849364,     1081811,多,平今,5074.0,2,2022-04-07 22:50:32
376,rb2210,SHFE,0_0_      849731,     1082045,多,开,5074.0,2,2022-04-07 22:50:34
377,rb2210,SHFE,0_0_      849731,     1082062,多,开,5074.0,2,2022-04-07 22:50:34
378,rb2210,SHFE,0_0_      853865,     1086237,空,平今,5073.0,2,2022-04-07 22:51:04
379,rb2210,SHFE,0_0_      853891,     1086360,空,平今,5073.0,2,2022-04-07 22:51:04
380,rb2210,SHFE,0_0_      853891,     1086362,空,平今,5073.0,1,2022-04-07 22:51:04
381,rb2210,SHFE,0_0_      854155,     1087468,多,平今,5072.0,3,2022-04-07 22:51:08
382,rb2210,SHFE,0_0_      856754,     1090284,多,开,5070.0,1,2022-04-07 22:51:24
383,rb2210,SHFE,0_0_      856754,     1090285,多,开,5070.0,3,2022-04-07 22:51:24
384,rb2210,SHFE,0_0_      857023,     1090374,空,平今,5071.0,1,2022-04-07 22:51:25
385,rb2210,SHFE,0_0_      857023,     1090391,空,平今,5071.0,1,2022-04-07 22:51:26
386,rb2210,SHFE,0_0_      857023,     1090421,空,平今,5071.0,1,2022-04-07 22:51:26
387,rb2210,SHFE,0_0_      857023,     1090513,空,平今,5071.0,1,2022-04-07 22:51:27
388,rb2210,SHFE,0_0_      870915,     1102340,空,开,5068.0,1,2022-04-07 22:53:17
389,rb2210,SHFE,0_0_      870915,     1102341,空,开,5068.0,1,2022-04-07 22:53:17
390,rb2210,SHFE,0_0_      870915,     1102342,空,开,5068.0,1,2022-04-07 22:53:17
391,rb2210,SHFE,0_0_      871764,     1103222,空,开,5068.0,5,2022-04-07 22:53:21
392,rb2210,SHFE,0_0_      871824,     1105336,多,平今,5067.0,2,2022-04-07 22:53:39
393,rb2210,SHFE,0_0_      875359,     1106793,多,平今,5068.0,1,2022-04-07 22:53:48
394,rb2210,SHFE,0_0_      882556,     1116055,多,平今,5058.0,4,2022-04-07 22:54:44
395,rb2210,SHFE,0_0_      882560,     1116288,空,开,5059.0,3,2022-04-07 22:54:44
396,rb2210,SHFE,0_0_      882634,     1116353,多,平今,5058.0,1,2022-04-07 22:54:44
397,rb2210,SHFE,0_0_      882634,     1116355,多,平今,5058.0,2,2022-04-07 22:54:44
398,rb2210,SHFE,0_0_      882658,     1116369,空,开,5059.0,1,2022-04-07 22:54:44
399,rb2210,SHFE,0_0_      882658,     1116371,空,开,5059.0,2,2022-04-07 22:54:45
400,rb2210,SHFE,0_0_      882817,     1116549,空,开,5059.0,3,2022-04-07 22:54:46
401,rb2210,SHFE,0_0_      882817,     1116551,空,开,5059.0,1,2022-04-07 22:54:46
402,rb2210,SHFE,0_0_      885159,     1120126,多,平今,5056.0,2,2022-04-07 22:55:06
403,rb2210,SHFE,0_0_      885587,     1120295,多,平今,5056.0,4,2022-04-07 22:55:07
404,rb2210,SHFE,0_0_      886461,     1121513,多,开,5054.0,4,2022-04-07 22:55:14
405,rb2210,SHFE,0_0_      889296,     1127171,空,平今,5055.0,1,2022-04-07 22:55:35
406,rb2210,SHFE,0_0_      889463,     1127469,多,平今,5054.0,2,2022-04-07 22:55:37
407,rb2210,SHFE,0_0_      889751,     1128177,空,开,5056.0,4,2022-04-07 22:55:42
408,rb2210,SHFE,0_0_      890131,     1128234,多,平今,5055.0,4,2022-04-07 22:55:42
409,rb2210,SHFE,0_0_      890207,     1132903,空,开,5056.0,1,2022-04-07 22:56:13
410,rb2210,SHFE,0_0_      890207,     1132916,空,开,5056.0,3,2022-04-07 22:56:13
411,rb2210,SHFE,0_0_      894162,     1133526,多,平今,5055.0,3,2022-04-07 22:56:16
412,rb2210,SHFE,0_0_      894661,     1133745,空,开,5057.0,4,2022-04-07 22:56:17
413,rb2210,SHFE,0_0_      894843,     1133753,多,平今,5056.0,1,2022-04-07 22:56:17
414,rb2210,SHFE,0_0_      894843,     1133778,多,平今,5056.0,3,2022-04-07 22:56:18
415,rb2210,SHFE,0_0_      894874,     1133917,空,平今,5057.0,1,2022-04-07 22:56:18
416,rb2210,SHFE,0_0_      894979,     1133949,多,平今,5056.0,1,2022-04-07 22:56:19
417,rb2210,SHFE,0_0_      898316,     1137141,空,平今,5054.0,1,2022-04-07 22:56:50
418,rb2210,SHFE,0_0_      887345,     1139622,多,开,5050.0,3,2022-04-07 22:57:05
419,rb2210,SHFE,0_0_      900361,     1139667,空,平今,5051.0,1,2022-04-07 22:57:06
420,rb2210,SHFE,0_0_      900361,     1139677,空,平今,5051.0,2,2022-04-07 22:57:06
421,rb2210,SHFE,0_0_      900758,     1140089,多,开,5051.0,4,2022-04-07 22:57:08
422,rb2210,SHFE,0_0_      904953,     1146114,空,平今,5048.0,2,2022-04-07 22:57:37
423,rb2210,SHFE,0_0_      899744,     1149100,空,开,5053.0,1,2022-04-07 22:57:59
424,rb2210,SHFE,0_0_      899744,     1149104,空,开,5053.0,2,2022-04-07 22:57:59
425,rb2210,SHFE,0_0_      899744,     1149156,空,开,5053.0,1,2022-04-07 22:57:59
426,rb2210,SHFE,0_0_      907526,     1149453,多,平今,5052.0,1,2022-04-07 22:58:00
427,rb2210,SHFE,0_0_      914381,     1157217,多,开,5051.0,5,2022-04-07 22:58:52
428,rb2210,SHFE,0_0_     1313990,     1447454,空,平今,5050.0,3,2022-04-08 09:00:28
429,rb2210,SHFE,0_0_     1313990,     1447459,空,平今,5050.0,2,2022-04-08 09:00:28
430,rb2210,SHFE,0_0_     1314083,     1447897,多,平今,5049.0,3,2022-04-08 09:00:30
431,rb2210,SHFE,0_0_     1314165,     1448927,空,开,5048.000000000001,4,2022-04-08 09:00:33
432,rb2210,SHFE,0_0_     1314619,     1453729,多,平今,5048.0,3,2022-04-08 09:00:51
433,rb2210,SHFE,0_0_     1315175,     1459473,多,开,5055.0,3,2022-04-08 09:01:08
434,rb2210,SHFE,0_0_     1315175,     1459475,多,开,5055.0,1,2022-04-08 09:01:08
435,rb2210,SHFE,0_0_     1315257,     1460833,空,平今,5056.0,3,2022-04-08 09:01:12
436,rb2210,SHFE,0_0_     1315257,     1460841,空,平今,5056.0,1,2022-04-08 09:01:12
437,rb2210,SHFE,0_0_     1315663,     1466396,多,开,5054.0,2,2022-04-08 09:01:34
438,rb2210,SHFE,0_0_     1315704,     1466743,多,开,5054.0,2,2022-04-08 09:01:36
439,rb2210,SHFE,0_0_     1317345,     1488745,多,平今,5044.0,1,2022-04-08 09:03:02
440,rb2210,SHFE,0_0_     1318135,     1494360,空,平今,5049.0,2,2022-04-08 09:03:26
441,rb2210,SHFE,0_0_     1319549,     1500781,空,开,5045.0,6,2022-04-08 09:03:58
442,rb2210,SHFE,0_0_     1320913,     1507050,多,平今,5036.0,4,2022-04-08 09:04:24
443,rb2210,SHFE,0_0_     1320941,     1507119,空,平今,5037.0,4,2022-04-08 09:04:24
444,rb2210,SHFE,0_0_     1326419,     1522335,多,开,5037.0,3,2022-04-08 09:05:18
445,rb2210,SHFE,0_0_     1327517,     1524981,空,平今,5032.0,1,2022-04-08 09:05:27
446,rb2210,SHFE,0_0_     1327529,     1525311,多,平今,5031.0,1,2022-04-08 09:05:27
447,rb2210,SHFE,0_0_     1327637,     1525757,空,平今,5032.0,1,2022-04-08 09:05:28
448,rb2210,SHFE,0_0_     1327716,     1525888,多,开,5030.0,3,2022-04-08 09:05:28
449,rb2210,SHFE,0_0_     1327716,     1525889,多,开,5030.0,1,2022-04-08 09:05:28
450,rb2210,SHFE,0_0_     1327716,     1525890,多,开,5031.0,1,2022-04-08 09:05:28
451,rb2210,SHFE,0_0_     1328085,     1527786,空,平今,5028.0,2,2022-04-08 09:05:31
452,rb2210,SHFE,0_0_     1328152,     1528300,空,平今,5029.0,1,2022-04-08 09:05:32
453,rb2210,SHFE,0_0_     1328152,     1528319,空,平今,5029.0,1,2022-04-08 09:05:32
454,rb2210,SHFE,0_0_     1328152,     1528556,空,平今,5029.0,2,2022-04-08 09:05:32
455,rb2210,SHFE,0_0_     1328266,     1528558,多,平今,5028.0,1,2022-04-08 09:05:32
456,rb2210,SHFE,0_0_     1328267,     1528627,空,平今,5029.0,1,2022-04-08 09:05:32
457,rb2210,SHFE,0_0_     1328306,     1528634,多,开,5028.0,1,2022-04-08 09:05:32
458,rb2210,SHFE,0_0_     1328312,     1528696,空,平今,5029.0,1,2022-04-08 09:05:33
459,rb2210,SHFE,0_0_     1328327,     1528876,多,开,5028.0,1,2022-04-08 09:05:33
460,rb2210,SHFE,0_0_     1328363,     1528890,空,平今,5029.0,1,2022-04-08 09:05:33
461,rb2210,SHFE,0_0_     1328371,     1528895,多,开,5028.0,1,2022-04-08 09:05:33
462,rb2210,SHFE,0_0_     1328372,     1528976,空,平今,5029.0,1,2022-04-08 09:05:33
463,rb2210,SHFE,0_0_     1330356,     1534216,空,开,5030.0,4,2022-04-08 09:05:50
464,rb2210,SHFE,0_0_     1330460,     1534435,多,平今,5029.0,1,2022-04-08 09:05:51
465,rb2210,SHFE,0_0_     1330460,     1534448,多,平今,5029.0,1,2022-04-08 09:05:51
466,rb2210,SHFE,0_0_     1330460,     1534450,多,平今,5029.0,1,2022-04-08 09:05:51
467,rb2210,SHFE,0_0_     1330460,     1534458,多,平今,5029.0,1,2022-04-08 09:05:51
468,rb2210,SHFE,0_0_     1330807,     1535321,空,开,5029.0,8,2022-04-08 09:05:54
469,rb2210,SHFE,0_0_     1332937,     1541461,多,平今,5036.0,1,2022-04-08 09:06:14
470,rb2210,SHFE,0_0_     1332937,     1541525,多,平今,5036.0,7,2022-04-08 09:06:15
471,rb2210,SHFE,0_0_     1333471,     1542267,空,开,5038.0,1,2022-04-08 09:06:18
472,rb2210,SHFE,0_0_     1333471,     1542269,空,开,5038.0,1,2022-04-08 09:06:18
473,rb2210,SHFE,0_0_     1333471,     1542273,空,开,5038.0,1,2022-04-08 09:06:18
474,rb2210,SHFE,0_0_     1335042,     1545672,多,平今,5038.0,3,2022-04-08 09:06:36
475,rb2210,SHFE,0_0_     1336618,     1548617,空,开,5039.0,3,2022-04-08 09:06:51
476,rb2210,SHFE,0_0_     1336799,     1549311,空,开,5038.0,1,2022-04-08 09:06:55
477,rb2210,SHFE,0_0_     1339232,     1553429,多,平今,5040.0,1,2022-04-08 09:07:18
478,rb2210,SHFE,0_0_     1339321,     1553618,多,平今,5040.0,1,2022-04-08 09:07:18
479,rb2210,SHFE,0_0_     1339381,     1567642,空,开,5041.0,5,2022-04-08 09:08:43
480,rb2210,SHFE,0_0_     1347762,     1567930,多,平今,5040.0,5,2022-04-08 09:08:46
481,rb2210,SHFE,0_0_     1348043,     1568063,空,开,5041.0,4,2022-04-08 09:08:46
482,rb2210,SHFE,0_0_     1348043,     1568064,空,开,5041.0,1,2022-04-08 09:08:46
483,rb2210,SHFE,0_0_     1348269,     1568375,多,平今,5041.0,1,2022-04-08 09:08:49
484,rb2210,SHFE,0_0_     1348269,     1568393,多,平今,5041.0,1,2022-04-08 09:08:49
485,rb2210,SHFE,0_0_     1348688,     1568958,多,开,5042.0,7,2022-04-08 09:08:52
486,rb2210,SHFE,0_0_     1350509,     1571645,空,平今,5042.0,1,2022-04-08 09:09:09
487,rb2210,SHFE,0_0_     1350509,     1571646,空,平今,5042.0,1,2022-04-08 09:09:09
488,rb2210,SHFE,0_0_     1348066,     1572313,多,平今,5040.0,2,2022-04-08 09:09:14
489,rb2210,SHFE,0_0_     1351270,     1572432,空,平今,5041.0,1,2022-04-08 09:09:15
490,rb2210,SHFE,0_0_     1351361,     1572451,空,平今,5041.0,2,2022-04-08 09:09:15
491,rb2210,SHFE,0_0_     1351687,     1572782,空,开,5041.0,2,2022-04-08 09:09:19
492,rb2210,SHFE,0_0_     1351042,     1572945,空,平今,5042.0,1,2022-04-08 09:09:21
493,rb2210,SHFE,0_0_     1351780,     1573380,多,平今,5041.0,1,2022-04-08 09:09:25
494,rb2210,SHFE,0_0_     1352273,     1573430,空,平今,5042.0,1,2022-04-08 09:09:25
495,rb2210,SHFE,0_0_     1352310,     1573557,多,平今,5041.0,1,2022-04-08 09:09:27
496,rb2210,SHFE,0_0_     1352400,     1575167,空,开,5042.0,1,2022-04-08 09:09:44
497,rb2210,SHFE,0_0_     1353859,     1576101,多,平今,5045.0,4,2022-04-08 09:09:47
498,rb2210,SHFE,0_0_     1353948,     1576422,空,开,5046.0,4,2022-04-08 09:09:49
499,rb2210,SHFE,0_0_     1354272,     1576709,多,平今,5045.0,4,2022-04-08 09:09:52
500,rb2210,SHFE,0_0_     1354145,     1576938,空,开,5046.0,2,2022-04-08 09:09:53
501,rb2210,SHFE,0_0_     1354392,     1577050,多,平今,5045.0,2,2022-04-08 09:09:54
502,rb2210,SHFE,0_0_     1354672,     1578250,空,开,5046.0,2,2022-04-08 09:10:02
503,rb2210,SHFE,0_0_     1354873,     1578395,多,平今,5046.0,1,2022-04-08 09:10:03
504,rb2210,SHFE,0_0_     1354969,     1578649,空,开,5047.0,4,2022-04-08 09:10:04
505,rb2210,SHFE,0_0_     1356008,     1579701,多,平今,5047.0,1,2022-04-08 09:10:11
506,rb2210,SHFE,0_0_     1360758,     1586322,空,开,5048.0,1,2022-04-08 09:10:58
507,rb2210,SHFE,0_0_     1360758,     1586326,空,开,5048.0,2,2022-04-08 09:10:58
508,rb2210,SHFE,0_0_     1360758,     1586331,空,开,5048.0,1,2022-04-08 09:10:58
509,rb2210,SHFE,0_0_     1361421,     1587196,多,平今,5047.0,4,2022-04-08 09:11:03
510,rb2210,SHFE,0_0_     1367863,     1594325,空,开,5047.0,1,2022-04-08 09:11:44
511,rb2210,SHFE,0_0_     1367954,     1594462,空,开,5047.0,1,2022-04-08 09:11:45
512,rb2210,SHFE,0_0_     1355147,     1594499,多,平今,5046.0,1,2022-04-08 09:11:45
513,rb2210,SHFE,0_0_     1355147,     1594500,多,平今,5046.0,1,2022-04-08 09:11:45
514,rb2210,SHFE,0_0_     1355147,     1594501,多,平今,5046.0,2,2022-04-08 09:11:45
515,rb2210,SHFE,0_0_     1368119,     1594601,空,开,5047.0,4,2022-04-08 09:11:46
516,rb2210,SHFE,0_0_     1368147,     1594808,多,平今,5046.0,1,2022-04-08 09:11:47
517,rb2210,SHFE,0_0_     1368147,     1594825,多,平今,5046.0,1,2022-04-08 09:11:47
518,rb2210,SHFE,0_0_     1368147,     1594830,多,平今,5046.0,1,2022-04-08 09:11:47
519,rb2210,SHFE,0_0_     1368301,     1594833,多,平今,5047.0,2,2022-04-08 09:11:47
520,rb2210,SHFE,0_0_     1368147,     1594959,多,平今,5046.0,1,2022-04-08 09:11:48
521,rb2210,SHFE,0_0_     1370012,     1599760,空,开,5046.0,1,2022-04-08 09:12:22
522,rb2210,SHFE,0_0_     1369152,     1600327,空,开,5047.0,4,2022-04-08 09:12:23
523,rb2210,SHFE,0_0_     1377536,     1605082,多,开,5052.0,3,2022-04-08 09:12:56
524,rb2210,SHFE,0_0_     1380151,     1607840,多,平今,5048.0,1,2022-04-08 09:13:15
525,rb2210,SHFE,0_0_     1381661,     1609370,空,开,5048.0,1,2022-04-08 09:13:26
526,rb2210,SHFE,0_0_     1381661,     1609371,空,开,5048.0,3,2022-04-08 09:13:26
527,rb2210,SHFE,0_0_     1373950,     1609823,多,平今,5046.0,4,2022-04-08 09:13:30
528,rb2210,SHFE,0_0_     1382414,     1609946,空,开,5047.0,2,2022-04-08 09:13:32
529,rb2210,SHFE,0_0_     1382414,     1610026,空,开,5047.0,2,2022-04-08 09:13:33
530,rb2210,SHFE,0_0_     1382658,     1610488,多,平今,5046.0,2,2022-04-08 09:13:38
531,rb2210,SHFE,0_0_     1383417,     1610920,空,开,5046.0,1,2022-04-08 09:13:43
532,rb2210,SHFE,0_0_     1404438,     1628612,空,开,5047.0,1,2022-04-08 09:16:18
533,rb2210,SHFE,0_0_     1383773,     1630639,多,平今,5045.0,1,2022-04-08 09:16:36
534,rb2210,SHFE,0_0_     1406983,     1631367,多,平今,5045.0,4,2022-04-08 09:16:41
535,rb2210,SHFE,0_0_     1407512,     1631373,多,平今,5045.0,1,2022-04-08 09:16:41
536,rb2210,SHFE,0_0_     1407675,     1632584,空,开,5046.0,2,2022-04-08 09:16:55
537,rb2210,SHFE,0_0_     1407675,     1632633,空,开,5046.0,2,2022-04-08 09:16:55
538,rb2210,SHFE,0_0_     1407675,     1632825,空,开,5046.0,1,2022-04-08 09:16:57
539,rb2210,SHFE,0_0_     1407675,     1632937,空,开,5046.0,1,2022-04-08 09:16:57
540,rb2210,SHFE,0_0_     1409448,     1633116,多,平今,5045.0,2,2022-04-08 09:16:59
541,rb2210,SHFE,0_0_     1409506,     1634282,多,平今,5045.0,2,2022-04-08 09:17:03
542,rb2210,SHFE,0_0_     1410933,     1634669,空,开,5045.0,1,2022-04-08 09:17:05
543,rb2210,SHFE,0_0_     1412297,     1636454,空,开,5045.0,1,2022-04-08 09:17:16
544,rb2210,SHFE,0_0_     1408443,     1639397,多,开,5044.0,1,2022-04-08 09:17:42
545,rb2210,SHFE,0_0_     1408443,     1639398,多,开,5044.0,1,2022-04-08 09:17:42
546,rb2210,SHFE,0_0_     1408443,     1639401,多,开,5044.0,1,2022-04-08 09:17:42
547,rb2210,SHFE,0_0_     1408443,     1639438,多,开,5044.0,1,2022-04-08 09:17:43
548,rb2210,SHFE,0_0_     1415403,     1639656,空,平今,5045.0,1,2022-04-08 09:17:43
549,rb2210,SHFE,0_0_     1416778,     1642892,空,平今,5045.0,3,2022-04-08 09:18:16
550,rb2210,SHFE,0_0_     1418271,     1643484,空,开,5045.0,1,2022-04-08 09:18:22
551,rb2210,SHFE,0_0_     1420538,     1645700,多,平今,5046.0,2,2022-04-08 09:18:40
552,rb2210,SHFE,0_0_     1421569,     1645704,空,开,5047.0,2,2022-04-08 09:18:40
553,rb2210,SHFE,0_0_     1422143,     1646752,多,平今,5047.0,3,2022-04-08 09:18:47
554,rb2210,SHFE,0_0_     1421570,     1646779,多,平今,5046.0,2,2022-04-08 09:18:47
555,rb2210,SHFE,0_0_     1422483,     1646901,空,开,5047.0,1,2022-04-08 09:18:47
556,rb2210,SHFE,0_0_     1422483,     1646906,空,开,5047.0,1,2022-04-08 09:18:47
557,rb2210,SHFE,0_0_     1422546,     1646924,多,平今,5046.0,2,2022-04-08 09:18:48
558,rb2210,SHFE,0_0_     1419360,     1647801,多,平今,5044.0,1,2022-04-08 09:18:56
559,rb2210,SHFE,0_0_     1428605,     1652868,空,开,5046.0,3,2022-04-08 09:19:43
560,rb2210,SHFE,0_0_     1429136,     1653208,多,平今,5046.0,1,2022-04-08 09:19:49
561,rb2210,SHFE,0_0_     1422578,     1653232,空,开,5047.0,2,2022-04-08 09:19:49
562,rb2210,SHFE,0_0_     1431350,     1655418,多,开,5048.0,4,2022-04-08 09:20:02
563,rb2210,SHFE,0_0_     1432054,     1656192,多,平今,5048.0,1,2022-04-08 09:20:08
564,rb2210,SHFE,0_0_     1442664,     1668137,空,平今,5047.0,3,2022-04-08 09:21:20
565,rb2210,SHFE,0_0_     1442664,     1668145,空,平今,5047.0,2,2022-04-08 09:21:20
566,rb2210,SHFE,0_0_     1429617,     1668383,多,平今,5046.0,1,2022-04-08 09:21:22
567,rb2210,SHFE,0_0_     1429617,     1668388,多,平今,5046.0,1,2022-04-08 09:21:22
568,rb2210,SHFE,0_0_     1444134,     1669255,空,开,5046.0,1,2022-04-08 09:21:26
569,rb2210,SHFE,0_0_     1444134,     1669256,空,开,5046.0,1,2022-04-08 09:21:26
570,rb2210,SHFE,0_0_     1444134,     1669264,空,开,5046.0,1,2022-04-08 09:21:26
571,rb2210,SHFE,0_0_     1447694,     1672204,多,平今,5045.0,1,2022-04-08 09:21:54
572,rb2210,SHFE,0_0_     1459369,     1682642,多,平今,5044.0,3,2022-04-08 09:23:28
573,rb2210,SHFE,0_0_     1460767,     1683618,空,开,5045.0,2,2022-04-08 09:23:37
574,rb2210,SHFE,0_0_     1463137,     1684982,多,平今,5045.0,1,2022-04-08 09:23:54
575,rb2210,SHFE,0_0_     1471305,     1692268,空,开,5046.0,4,2022-04-08 09:25:01
576,rb2210,SHFE,0_0_     1473175,     1695431,多,平今,5045.0,4,2022-04-08 09:25:32
577,rb2210,SHFE,0_0_     1477732,     1696057,空,开,5045.0,1,2022-04-08 09:25:37
578,rb2210,SHFE,0_0_     1477732,     1696062,空,开,5045.0,1,2022-04-08 09:25:37
579,rb2210,SHFE,0_0_     1477732,     1696100,空,开,5045.0,1,2022-04-08 09:25:38
580,rb2210,SHFE,0_0_     1480416,     1700700,空,平今,5041.0,1,2022-04-08 09:26:04
581,rb2210,SHFE,0_0_     1481316,     1700750,多,平今,5040.0,1,2022-04-08 09:26:05
582,rb2210,SHFE,0_0_     1481321,     1700767,多,平今,5040.0,2,2022-04-08 09:26:05
583,rb2210,SHFE,0_0_     1481406,     1702656,空,开,5041.0,1,2022-04-08 09:26:21
584,rb2210,SHFE,0_0_     1481406,     1702667,空,开,5041.0,1,2022-04-08 09:26:21
585,rb2210,SHFE,0_0_     1483779,     1702863,多,平今,5040.0,1,2022-04-08 09:26:22
586,rb2210,SHFE,0_0_     1483779,     1702896,多,平今,5040.0,1,2022-04-08 09:26:23
587,rb2210,SHFE,0_0_     1489776,     1708288,空,平今,5039.0,1,2022-04-08 09:27:09
588,rb2210,SHFE,0_0_     1508091,     1726075,多,开,5045.0,1,2022-04-08 09:30:02
589,rb2210,SHFE,0_0_     1508091,     1726124,多,开,5045.0,1,2022-04-08 09:30:03
590,rb2210,SHFE,0_0_     1508949,     1727550,空,平今,5044.0,2,2022-04-08 09:30:11
591,rb2210,SHFE,0_0_     1509717,     1727811,多,开,5043.0,2,2022-04-08 09:30:13
592,rb2210,SHFE,0_0_     1509906,     1729465,空,平今,5044.0,2,2022-04-08 09:30:32
593,rb2210,SHFE,0_0_     1512296,     1729914,多,开,5043.0,1,2022-04-08 09:30:37
594,rb2210,SHFE,0_0_     1512296,     1729916,多,开,5043.0,2,2022-04-08 09:30:37
595,rb2210,SHFE,0_0_     1524034,     1742460,多,平今,5053.0,1,2022-04-08 09:32:18
596,rb2210,SHFE,0_0_     1524034,     1742461,多,平今,5053.0,1,2022-04-08 09:32:18
597,rb2210,SHFE,0_0_     1522603,     1744814,多,开,5050.0,3,2022-04-08 09:32:36
598,rb2210,SHFE,0_0_     1522603,     1744815,多,开,5050.0,1,2022-04-08 09:32:36
599,rb2210,SHFE,0_0_     1527651,     1744843,空,平今,5051.0,4,2022-04-08 09:32:37
600,rb2210,SHFE,0_0_     1528850,     1746475,空,平今,5052.0,1,2022-04-08 09:32:58
601,rb2210,SHFE,0_0_     1525732,     1752889,空,开,5054.0,4,2022-04-08 09:34:15
602,rb2210,SHFE,0_0_     1536760,     1753902,多,平今,5053.0,1,2022-04-08 09:34:21
603,rb2210,SHFE,0_0_     1536960,     1753910,多,平今,5053.0,2,2022-04-08 09:34:21
604,rb2210,SHFE,0_0_     1537538,     1753975,空,开,5054.0,7,2022-04-08 09:34:21
605,rb2210,SHFE,0_0_     1538839,     1755613,多,平今,5055.0,1,2022-04-08 09:34:32
606,rb2210,SHFE,0_0_     1538961,     1755684,空,平今,5056.0,2,2022-04-08 09:34:32
607,rb2210,SHFE,0_0_     1540179,     1757653,多,开,5057.0,2,2022-04-08 09:34:41
608,rb2210,SHFE,0_0_     1538991,     1760528,多,开,5055.0,1,2022-04-08 09:35:01
609,rb2210,SHFE,0_0_     1538991,     1760979,多,开,5055.0,1,2022-04-08 09:35:02
610,rb2210,SHFE,0_0_     1538991,     1760980,多,开,5055.0,1,2022-04-08 09:35:02
611,rb2210,SHFE,0_0_     1537577,     1761969,多,平今,5053.0,2,2022-04-08 09:35:06
612,rb2210,SHFE,0_0_     1537577,     1762020,多,平今,5053.0,2,2022-04-08 09:35:06
613,rb2210,SHFE,0_0_     1549770,     1768461,空,开,5054.0,3,2022-04-08 09:36:09
614,rb2210,SHFE,0_0_     1549770,     1768464,空,开,5054.0,1,2022-04-08 09:36:09
615,rb2210,SHFE,0_0_     1575357,     1791824,空,平今,5053.0,1,2022-04-08 09:40:21
616,rb2210,SHFE,0_0_     1575585,     1791946,多,平今,5052.0,1,2022-04-08 09:40:22
617,rb2210,SHFE,0_0_     1575585,     1792136,多,平今,5052.0,1,2022-04-08 09:40:24
618,rb2210,SHFE,0_0_     1575585,     1792160,多,平今,5052.0,1,2022-04-08 09:40:25
619,rb2210,SHFE,0_0_     1575585,     1792163,多,平今,5052.0,1,2022-04-08 09:40:25
620,rb2210,SHFE,0_0_     1575585,     1792229,多,平今,5052.0,1,2022-04-08 09:40:26
621,rb2210,SHFE,0_0_     1575585,     1792404,多,平今,5052.0,1,2022-04-08 09:40:28
622,rb2210,SHFE,0_0_     1543077,     1796736,空,平今,5056.0,2,2022-04-08 09:41:12
623,rb2210,SHFE,0_0_     1581131,     1797523,多,平今,5055.0,1,2022-04-08 09:41:21
624,rb2210,SHFE,0_0_     1584766,     1801501,空,开,5059.0,4,2022-04-08 09:41:46
625,rb2210,SHFE,0_0_     1584913,     1804838,多,平今,5058.0,4,2022-04-08 09:42:05
626,rb2210,SHFE,0_0_     1586772,     1805597,空,开,5057.0,4,2022-04-08 09:42:10
627,rb2210,SHFE,0_0_     1596779,     1821910,空,开,5058.0,2,2022-04-08 09:43:58
628,rb2210,SHFE,0_0_     1596779,     1821929,空,开,5058.0,2,2022-04-08 09:43:58
629,rb2210,SHFE,0_0_     1605762,     1829286,多,平今,5056.000000000001,1,2022-04-08 09:44:41
630,rb2210,SHFE,0_0_     1613054,     1837226,多,平今,5063.0,4,2022-04-08 09:45:33
631,rb2210,SHFE,0_0_     1613054,     1837227,多,平今,5063.0,1,2022-04-08 09:45:33
632,rb2210,SHFE,0_0_     1613054,     1837228,多,平今,5063.0,1,2022-04-08 09:45:33
633,rb2210,SHFE,0_0_     1613054,     1837229,多,平今,5063.0,1,2022-04-08 09:45:33
634,rb2210,SHFE,0_0_     1613143,     1837810,空,开,5063.0,4,2022-04-08 09:45:35
635,rb2210,SHFE,0_0_     1615766,     1840616,多,开,5063.0,1,2022-04-08 09:45:57
636,rb2210,SHFE,0_0_     1615766,     1840617,多,开,5063.0,1,2022-04-08 09:45:57
637,rb2210,SHFE,0_0_     1615766,     1840622,多,开,5063.0,1,2022-04-08 09:45:57
638,rb2210,SHFE,0_0_     1615766,     1840623,多,开,5063.0,1,2022-04-08 09:45:57
639,rb2210,SHFE,0_0_     1615766,     1840625,多,开,5063.0,1,2022-04-08 09:45:57
640,rb2210,SHFE,0_0_     1615766,     1840626,多,开,5063.0,1,2022-04-08 09:45:57
641,rb2210,SHFE,0_0_     1616058,     1841032,空,平今,5063.0,2,2022-04-08 09:46:00
642,rb2210,SHFE,0_0_     1615548,     1841551,多,平今,5061.0,1,2022-04-08 09:46:06
643,rb2210,SHFE,0_0_     1617101,     1842587,空,平今,5061.0,1,2022-04-08 09:46:12
644,rb2210,SHFE,0_0_     1617212,     1842834,空,开,5061.0,1,2022-04-08 09:46:15
645,rb2210,SHFE,0_0_     1616480,     1843737,空,平今,5062.0,1,2022-04-08 09:46:23
646,rb2210,SHFE,0_0_     1616480,     1843738,空,平今,5062.0,4,2022-04-08 09:46:23
647,rb2210,SHFE,0_0_     1618286,     1843753,多,开,5061.0,5,2022-04-08 09:46:24
648,rb2210,SHFE,0_0_     1621727,     1848314,多,平今,5057.0,1,2022-04-08 09:47:13
649,rb2210,SHFE,0_0_     1621727,     1848315,多,平今,5057.0,1,2022-04-08 09:47:13
650,rb2210,SHFE,0_0_     1621727,     1848334,多,平今,5057.0,1,2022-04-08 09:47:14
651,rb2210,SHFE,0_0_     1634576,     1859508,空,开,5055.0,7,2022-04-08 09:49:07
652,rb2210,SHFE,0_0_     1639365,     1866979,多,平今,5047.0,4,2022-04-08 09:50:03
653,rb2210,SHFE,0_0_     1640588,     1866993,空,平今,5048.0,4,2022-04-08 09:50:03
654,rb2210,SHFE,0_0_     1640589,     1867020,多,平今,5047.0,4,2022-04-08 09:50:03
655,rb2210,SHFE,0_0_     1640590,     1867022,空,开,5048.0,4,2022-04-08 09:50:03
656,rb2210,SHFE,0_0_     1640595,     1867301,多,平今,5047.0,4,2022-04-08 09:50:04
657,rb2210,SHFE,0_0_     1640696,     1874353,空,开,5048.0,4,2022-04-08 09:51:05
658,rb2210,SHFE,0_0_     1647775,     1875588,多,平今,5047.0,3,2022-04-08 09:51:19
659,rb2210,SHFE,0_0_     1647775,     1875627,多,平今,5047.0,1,2022-04-08 09:51:19
660,rb2210,SHFE,0_0_     1647229,     1876001,多,开,5046.0,2,2022-04-08 09:51:24
661,rb2210,SHFE,0_0_     1648972,     1877880,空,平今,5047.0,1,2022-04-08 09:51:41
662,rb2210,SHFE,0_0_     1648972,     1877887,空,平今,5047.0,1,2022-04-08 09:51:41
663,rb2210,SHFE,0_0_     1648650,     1878408,空,平今,5048.0,1,2022-04-08 09:51:44
664,rb2210,SHFE,0_0_     1655106,     1884803,空,开,5047.0,1,2022-04-08 09:52:47
665,rb2210,SHFE,0_0_     1662991,     1892746,空,开,5049.0,1,2022-04-08 09:54:13
666,rb2210,SHFE,0_0_     1665563,     1893486,多,开,5049.0,1,2022-04-08 09:54:21
667,rb2210,SHFE,0_0_     1665563,     1893588,多,开,5049.0,1,2022-04-08 09:54:23
668,rb2210,SHFE,0_0_     1665563,     1893596,多,开,5049.0,1,2022-04-08 09:54:23
669,rb2210,SHFE,0_0_     1665563,     1893644,多,开,5049.0,1,2022-04-08 09:54:25
670,rb2210,SHFE,0_0_     1666828,     1896412,空,平今,5050.0,2,2022-04-08 09:55:02
671,rb2210,SHFE,0_0_     1674511,     1899889,多,开,5050.0,1,2022-04-08 09:55:56
672,rb2210,SHFE,0_0_     1674511,     1899920,多,开,5050.0,1,2022-04-08 09:55:57
673,rb2210,SHFE,0_0_     1674511,     1899930,多,开,5050.0,1,2022-04-08 09:55:57
674,rb2210,SHFE,0_0_     1694739,     1923471,空,开,5038.0,2,2022-04-08 10:00:06
675,rb2210,SHFE,0_0_     1694398,     1923858,多,平今,5037.0,1,2022-04-08 10:00:08
676,rb2210,SHFE,0_0_     1695220,     1924008,空,平今,5038.0,1,2022-04-08 10:00:09
677,rb2210,SHFE,0_0_     1691062,     1927413,空,开,5040.0,4,2022-04-08 10:00:42
678,rb2210,SHFE,0_0_     1698628,     1929615,多,平今,5039.0,4,2022-04-08 10:01:00
679,rb2210,SHFE,0_0_     1700899,     1931514,空,开,5040.0,1,2022-04-08 10:01:13
680,rb2210,SHFE,0_0_     1700899,     1931515,空,开,5040.0,1,2022-04-08 10:01:13
681,rb2210,SHFE,0_0_     1700899,     1931516,空,开,5040.0,2,2022-04-08 10:01:13
682,rb2210,SHFE,0_0_     1689174,     1933049,空,平今,5042.0,2,2022-04-08 10:01:28
683,rb2210,SHFE,0_0_     1689174,     1933118,空,平今,5042.0,1,2022-04-08 10:01:29
684,rb2210,SHFE,0_0_     1689174,     1933124,空,平今,5042.0,1,2022-04-08 10:01:29
685,rb2210,SHFE,0_0_     1704607,     1934043,多,开,5042.0,4,2022-04-08 10:01:37
686,rb2210,SHFE,0_0_     1707497,     1936943,多,开,5042.0,1,2022-04-08 10:02:06
687,rb2210,SHFE,0_0_     1707790,     1936953,空,平今,5043.0,1,2022-04-08 10:02:06
688,rb2210,SHFE,0_0_     1702786,     1943695,多,平今,5039.0,1,2022-04-08 10:03:12
689,rb2210,SHFE,0_0_     1702786,     1943698,多,平今,5039.0,1,2022-04-08 10:03:12
690,rb2210,SHFE,0_0_     1702786,     1943703,多,平今,5039.0,1,2022-04-08 10:03:12
691,rb2210,SHFE,0_0_     1702786,     1943704,多,平今,5039.0,1,2022-04-08 10:03:12
692,rb2210,SHFE,0_0_     1717864,     1946696,空,开,5039.0,1,2022-04-08 10:03:35
693,rb2210,SHFE,0_0_     1695402,     1947555,多,平今,5037.0,3,2022-04-08 10:03:44
694,rb2210,SHFE,0_0_     1719354,     1947578,空,开,5038.0,3,2022-04-08 10:03:45
695,rb2210,SHFE,0_0_     1719381,     1947693,空,开,5038.0,1,2022-04-08 10:03:46
696,rb2210,SHFE,0_0_     1719381,     1947696,空,开,5038.0,2,2022-04-08 10:03:46
697,rb2210,SHFE,0_0_     1719546,     1947756,多,平今,5037.0,3,2022-04-08 10:03:46
698,rb2210,SHFE,0_0_     1719579,     1947823,多,平今,5037.0,1,2022-04-08 10:03:47
699,rb2210,SHFE,0_0_     1719579,     1947830,多,平今,5037.0,2,2022-04-08 10:03:47
700,rb2210,SHFE,0_0_     1719567,     1947920,空,开,5038.0,3,2022-04-08 10:03:49
701,rb2210,SHFE,0_0_     1719645,     1947991,多,开,5037.0,4,2022-04-08 10:03:49
702,rb2210,SHFE,0_0_     1719770,     1948012,空,平今,5038.0,4,2022-04-08 10:03:49
703,rb2210,SHFE,0_0_     1719785,     1948197,多,平今,5037.0,1,2022-04-08 10:03:52
704,rb2210,SHFE,0_0_     1719813,     1948202,多,开,5037.0,4,2022-04-08 10:03:52
705,rb2210,SHFE,0_0_     1720833,     1949128,空,平今,5036.0,3,2022-04-08 10:04:03
706,rb2210,SHFE,0_0_     1719985,     1950877,空,开,5038.0,5,2022-04-08 10:04:18
707,rb2210,SHFE,0_0_     1728092,     1955763,多,平今,5034.0,1,2022-04-08 10:05:06
708,rb2210,SHFE,0_0_     1728215,     1955815,空,平今,5035.0,1,2022-04-08 10:05:07
709,rb2210,SHFE,0_0_     1728237,     1955924,多,平今,5034.0,1,2022-04-08 10:05:07
710,rb2210,SHFE,0_0_     1728284,     1955933,空,开,5035.0,1,2022-04-08 10:05:07
711,rb2210,SHFE,0_0_     1728531,     1956188,多,平今,5036.0,7,2022-04-08 10:05:09
712,rb2210,SHFE,0_0_     1728717,     1956805,空,开,5037.000000000001,4,2022-04-08 10:05:14
713,rb2210,SHFE,0_0_     1734177,     1960155,空,开,5034.0,1,2022-04-08 10:06:01
714,rb2210,SHFE,0_0_     1748009,     1977971,空,平今,5031.0,4,2022-04-08 10:07:50
715,rb2210,SHFE,0_0_     1748040,     1978346,多,开,5030.0,4,2022-04-08 10:07:52
716,rb2210,SHFE,0_0_     1748325,     1978495,空,平今,5031.0,4,2022-04-08 10:07:54
717,rb2210,SHFE,0_0_     1749000,     1979212,多,开,5030.0,3,2022-04-08 10:07:59
718,rb2210,SHFE,0_0_     1749165,     1979254,空,平今,5031.0,3,2022-04-08 10:07:59
719,rb2210,SHFE,0_0_     1752283,     1982438,多,开,5035.0,8,2022-04-08 10:08:33
720,rb2210,SHFE,0_0_     1753019,     1983079,空,平今,5036.000000000001,1,2022-04-08 10:08:37
721,rb2210,SHFE,0_0_     1753019,     1983081,空,平今,5036.000000000001,6,2022-04-08 10:08:37
722,rb2210,SHFE,0_0_     1753634,     1983629,多,开,5037.0,1,2022-04-08 10:08:43
723,rb2210,SHFE,0_0_     1753634,     1983631,多,开,5037.0,1,2022-04-08 10:08:43
724,rb2210,SHFE,0_0_     1753634,     1983632,多,开,5037.0,1,2022-04-08 10:08:43
725,rb2210,SHFE,0_0_     1753634,     1983633,多,开,5037.0,1,2022-04-08 10:08:43
726,rb2210,SHFE,0_0_     1753634,     1983635,多,开,5037.0,1,2022-04-08 10:08:43
727,rb2210,SHFE,0_0_     1753634,     1983637,多,开,5037.0,1,2022-04-08 10:08:43
728,rb2210,SHFE,0_0_     1753634,     1983639,多,开,5037.0,1,2022-04-08 10:08:43
729,rb2210,SHFE,0_0_     1753684,     1983851,空,平今,5037.0,2,2022-04-08 10:08:44
730,rb2210,SHFE,0_0_     1755662,     1985088,空,平今,5035.0,4,2022-04-08 10:08:59
731,rb2210,SHFE,0_0_     1755984,     1985407,多,开,5034.0,3,2022-04-08 10:09:03
732,rb2210,SHFE,0_0_     1756422,     1986018,多,开,5037.0,3,2022-04-08 10:09:09
733,rb2210,SHFE,0_0_     1782902,     2013365,空,平今,5024.0,4,2022-04-08 10:13:23
734,rb2210,SHFE,0_0_     1783207,     2013692,多,平今,5023.0,4,2022-04-08 10:13:25
735,rb2210,SHFE,0_0_     1783512,     2014118,空,平今,5024.000000000001,4,2022-04-08 10:13:27
736,rb2210,SHFE,0_0_     1784214,     2014688,空,开,5024.0,1,2022-04-08 10:13:32
737,rb2210,SHFE,0_0_     1791606,     2046643,多,开,5012.0,4,2022-04-08 10:30:24
738,rb2210,SHFE,0_0_     1791716,     2047056,空,平今,5013.0,2,2022-04-08 10:30:25
739,rb2210,SHFE,0_0_     1791762,     2047825,多,开,5013.0,1,2022-04-08 10:30:28
740,rb2210,SHFE,0_0_     1791762,     2047826,多,开,5013.0,1,2022-04-08 10:30:28
741,rb2210,SHFE,0_0_     1791762,     2047835,多,开,5013.0,2,2022-04-08 10:30:28
742,rb2210,SHFE,0_0_     1791831,     2048381,空,平今,5013.0,1,2022-04-08 10:30:31
743,rb2210,SHFE,0_0_     1792768,     2054184,多,开,5015.0,2,2022-04-08 10:31:01
744,rb2210,SHFE,0_0_     1792881,     2054751,空,平今,5015.0,3,2022-04-08 10:31:03
745,rb2210,SHFE,0_0_     1794929,     2062632,多,开,5021.0,3,2022-04-08 10:31:55
746,rb2210,SHFE,0_0_     1796201,     2066013,空,平今,5019.0,1,2022-04-08 10:32:11
747,rb2210,SHFE,0_0_     1797179,     2068351,空,平今,5019.0,1,2022-04-08 10:32:29
748,rb2210,SHFE,0_0_     1797520,     2068354,多,开,5018.0,1,2022-04-08 10:32:29
749,rb2210,SHFE,0_0_     1798207,     2069486,空,开,5016.000000000001,4,2022-04-08 10:32:39
750,rb2210,SHFE,0_0_     1791853,     2071779,多,平今,5013.0,2,2022-04-08 10:32:59
751,rb2210,SHFE,0_0_     1799795,     2071783,空,开,5014.0,2,2022-04-08 10:32:59
752,rb2210,SHFE,0_0_     1799864,     2072319,空,平今,5014.0,1,2022-04-08 10:33:01
753,rb2210,SHFE,0_0_     1798087,     2078581,空,平今,5017.0,1,2022-04-08 10:33:37
754,rb2210,SHFE,0_0_     1798087,     2078586,空,平今,5017.0,3,2022-04-08 10:33:37
755,rb2210,SHFE,0_0_     1805163,     2080639,多,开,5018.0,5,2022-04-08 10:33:55
756,rb2210,SHFE,0_0_     1805163,     2080670,多,开,5018.0,1,2022-04-08 10:33:55
757,rb2210,SHFE,0_0_     1805163,     2080672,多,开,5018.0,1,2022-04-08 10:33:55
758,rb2210,SHFE,0_0_     1805702,     2081073,空,平今,5019.0,1,2022-04-08 10:33:57
759,rb2210,SHFE,0_0_     1805931,     2081218,空,平今,5019.0,1,2022-04-08 10:33:58
760,rb2210,SHFE,0_0_     1805964,     2081355,空,平今,5019.0,1,2022-04-08 10:34:00
761,rb2210,SHFE,0_0_     1806936,     2083946,多,平今,5022.0,5,2022-04-08 10:34:15
762,rb2210,SHFE,0_0_     1808072,     2084348,空,平今,5023.0,3,2022-04-08 10:34:18
763,rb2210,SHFE,0_0_     1808473,     2084680,空,开,5022.0,3,2022-04-08 10:34:23
764,rb2210,SHFE,0_0_     1808473,     2084692,空,开,5022.0,1,2022-04-08 10:34:23
765,rb2210,SHFE,0_0_     1811166,     2090615,多,平今,5023.0,1,2022-04-08 10:35:07
766,rb2210,SHFE,0_0_     1811166,     2090669,多,平今,5023.0,1,2022-04-08 10:35:07
767,rb2210,SHFE,0_0_     1815731,     2093432,多,平今,5020.0,2,2022-04-08 10:35:29
768,rb2210,SHFE,0_0_     1822496,     2105811,多,平今,5021.0,1,2022-04-08 10:36:57
769,rb2210,SHFE,0_0_     1827457,     2106667,空,平今,5022.0,1,2022-04-08 10:37:07
770,rb2210,SHFE,0_0_     1831028,     2112696,空,开,5023.0,3,2022-04-08 10:37:47
771,rb2210,SHFE,0_0_     1838930,     2120071,多,开,5017.0,4,2022-04-08 10:38:27
772,rb2210,SHFE,0_0_     1842385,     2124152,多,平今,5013.0,3,2022-04-08 10:38:54
773,rb2210,SHFE,0_0_     1844334,     2126793,多,开,5013.0,3,2022-04-08 10:39:08
774,rb2210,SHFE,0_0_     1845165,     2128392,空,平今,5013.0,1,2022-04-08 10:39:14
775,rb2210,SHFE,0_0_     1845165,     2128410,空,平今,5013.0,3,2022-04-08 10:39:14
776,rb2210,SHFE,0_0_     1845890,     2130661,多,开,5013.0,1,2022-04-08 10:39:29
777,rb2210,SHFE,0_0_     1850703,     2138108,多,开,5011.0,1,2022-04-08 10:40:00
778,rb2210,SHFE,0_0_     1846729,     2138697,空,开,5013.0,4,2022-04-08 10:40:02
779,rb2210,SHFE,0_0_     1846729,     2138715,空,开,5013.0,1,2022-04-08 10:40:02
780,rb2210,SHFE,0_0_     1846729,     2138755,空,开,5013.0,3,2022-04-08 10:40:02
781,rb2210,SHFE,0_0_     1852582,     2140714,多,平今,5012.0,1,2022-04-08 10:40:11
782,rb2210,SHFE,0_0_     1852582,     2140737,多,平今,5012.0,1,2022-04-08 10:40:12
783,rb2210,SHFE,0_0_     1852582,     2140758,多,平今,5012.0,1,2022-04-08 10:40:12
784,rb2210,SHFE,0_0_     1852582,     2140863,多,平今,5012.0,1,2022-04-08 10:40:12
785,rb2210,SHFE,0_0_     1846551,     2144290,空,平今,5014.0,1,2022-04-08 10:40:30
786,rb2210,SHFE,0_0_     1864147,     2156019,多,平今,5017.0,1,2022-04-08 10:41:53
787,rb2210,SHFE,0_0_     1874958,     2167779,空,平今,5022.0,4,2022-04-08 10:43:11
788,rb2210,SHFE,0_0_     1875125,     2170314,多,开,5021.0,4,2022-04-08 10:43:34
789,rb2210,SHFE,0_0_     1877924,     2170508,空,平今,5022.0,3,2022-04-08 10:43:35
790,rb2210,SHFE,0_0_     1878010,     2170678,多,平今,5021.0,3,2022-04-08 10:43:37
791,rb2210,SHFE,0_0_     1878095,     2170806,空,开,5022.0,3,2022-04-08 10:43:38
792,rb2210,SHFE,0_0_     1878180,     2171055,多,平今,5021.0,3,2022-04-08 10:43:42
793,rb2210,SHFE,0_0_     1878396,     2171249,空,开,5022.0,3,2022-04-08 10:43:44
794,rb2210,SHFE,0_0_     1878504,     2171270,多,平今,5021.0,3,2022-04-08 10:43:44
795,rb2210,SHFE,0_0_     1878505,     2171518,空,开,5022.0,3,2022-04-08 10:43:47
796,rb2210,SHFE,0_0_     1878714,     2171700,多,平今,5021.0,2,2022-04-08 10:43:49
797,rb2210,SHFE,0_0_     1878836,     2171797,空,开,5022.0,5,2022-04-08 10:43:51
798,rb2210,SHFE,0_0_     1878836,     2171800,空,开,5022.0,1,2022-04-08 10:43:51
799,rb2210,SHFE,0_0_     1879013,     2171881,多,平今,5021.0,4,2022-04-08 10:43:51
800,rb2210,SHFE,0_0_     1879061,     2172037,多,平今,5021.0,3,2022-04-08 10:43:53
801,rb2210,SHFE,0_0_     1879148,     2172311,空,开,5022.0,2,2022-04-08 10:43:56
802,rb2210,SHFE,0_0_     1879148,     2172312,空,开,5022.0,1,2022-04-08 10:43:56
803,rb2210,SHFE,0_0_     1879148,     2172313,空,开,5022.0,4,2022-04-08 10:43:56
804,rb2210,SHFE,0_0_     1879507,     2172689,多,平今,5021.0,1,2022-04-08 10:43:59
805,rb2210,SHFE,0_0_     1879507,     2172690,多,平今,5021.0,6,2022-04-08 10:43:59
806,rb2210,SHFE,0_0_     1886632,     2179387,多,开,5013.0,1,2022-04-08 10:45:00
807,rb2210,SHFE,0_0_     1886772,     2180287,空,平今,5013.0,1,2022-04-08 10:45:01
808,rb2210,SHFE,0_0_     1887072,     2180369,多,开,5012.0,1,2022-04-08 10:45:01
809,rb2210,SHFE,0_0_     1888097,     2181745,空,开,5010.0,8,2022-04-08 10:45:06
810,rb2210,SHFE,0_0_     1888415,     2182279,多,平今,5009.0,1,2022-04-08 10:45:07
811,rb2210,SHFE,0_0_     1888415,     2182280,多,平今,5009.0,2,2022-04-08 10:45:07
812,rb2210,SHFE,0_0_     1888415,     2182281,多,平今,5009.0,3,2022-04-08 10:45:07
813,rb2210,SHFE,0_0_     1888602,     2183035,多,开,5009.0,1,2022-04-08 10:45:08
814,rb2210,SHFE,0_0_     1888602,     2183049,多,开,5009.0,1,2022-04-08 10:45:08
815,rb2210,SHFE,0_0_     1888602,     2183083,多,开,5009.0,1,2022-04-08 10:45:09
816,rb2210,SHFE,0_0_     1888602,     2183095,多,开,5009.0,1,2022-04-08 10:45:09
817,rb2210,SHFE,0_0_     1890540,     2185787,空,平今,5010.0,3,2022-04-08 10:45:23
818,rb2210,SHFE,0_0_     1887090,     2187168,空,平今,5013.0,1,2022-04-08 10:45:32
819,rb2210,SHFE,0_0_     1897834,     2194989,空,开,5017.0,4,2022-04-08 10:46:38
820,rb2210,SHFE,0_0_     1900064,     2195180,多,平今,5016.0,2,2022-04-08 10:46:42
821,rb2210,SHFE,0_0_     1900417,     2195320,多,平今,5016.0,1,2022-04-08 10:46:43
822,rb2210,SHFE,0_0_     1901280,     2196124,空,平今,5017.0,1,2022-04-08 10:46:53
823,rb2210,SHFE,0_0_     1901280,     2196136,空,平今,5017.0,2,2022-04-08 10:46:53
824,rb2210,SHFE,0_0_     1901549,     2196151,多,开,5016.0,2,2022-04-08 10:46:53
825,rb2210,SHFE,0_0_     1903822,     2200062,空,开,5019.0,3,2022-04-08 10:47:19
826,rb2210,SHFE,0_0_     1904845,     2200130,多,平今,5018.0,1,2022-04-08 10:47:19
827,rb2210,SHFE,0_0_     1904845,     2200163,多,平今,5018.0,2,2022-04-08 10:47:20
828,rb2210,SHFE,0_0_     1904996,     2200417,空,平今,5019.0,2,2022-04-08 10:47:23
829,rb2210,SHFE,0_0_     1910808,     2205707,空,开,5021.0,1,2022-04-08 10:48:29
830,rb2210,SHFE,0_0_     1910960,     2205765,多,平今,5020.0,1,2022-04-08 10:48:31
831,rb2210,SHFE,0_0_     1911080,     2207226,空,开,5021.0,1,2022-04-08 10:48:46
832,rb2210,SHFE,0_0_     1911080,     2207345,空,开,5021.0,2,2022-04-08 10:48:46
833,rb2210,SHFE,0_0_     1917823,     2215599,空,开,5019.0,1,2022-04-08 10:50:17
834,rb2210,SHFE,0_0_     1893936,     2217123,多,开,5013.0,4,2022-04-08 10:50:32
835,rb2210,SHFE,0_0_     1923465,     2217950,空,平今,5013.0,4,2022-04-08 10:50:40
836,rb2210,SHFE,0_0_     1923511,     2217997,多,平今,5012.0,1,2022-04-08 10:50:40
837,rb2210,SHFE,0_0_     1923511,     2218015,多,平今,5012.0,1,2022-04-08 10:50:41
838,rb2210,SHFE,0_0_     1923511,     2218017,多,平今,5012.0,2,2022-04-08 10:50:41
839,rb2210,SHFE,0_0_     1929449,     2224495,多,平今,5013.0,3,2022-04-08 10:51:30
840,rb2210,SHFE,0_0_     1932264,     2227552,空,开,5011.0,1,2022-04-08 10:51:54
841,rb2210,SHFE,0_0_     1932264,     2227560,空,开,5011.0,1,2022-04-08 10:51:54
842,rb2210,SHFE,0_0_     1932416,     2227712,空,开,5011.0,4,2022-04-08 10:51:57
843,rb2210,SHFE,0_0_     1932421,     2228141,多,平今,5010.0,3,2022-04-08 10:52:01
844,rb2210,SHFE,0_0_     1932421,     2228156,多,平今,5010.0,1,2022-04-08 10:52:02
845,rb2210,SHFE,0_0_     1932921,     2228371,空,开,5011.0,1,2022-04-08 10:52:03
846,rb2210,SHFE,0_0_     1932985,     2228768,多,平今,5010.0,1,2022-04-08 10:52:07
847,rb2210,SHFE,0_0_     1933479,     2229817,空,开,5011.0,1,2022-04-08 10:52:18
848,rb2210,SHFE,0_0_     1936776,     2233682,空,开,5008.0,1,2022-04-08 10:52:50
849,rb2210,SHFE,0_0_     1937245,     2234647,空,开,5008.0,1,2022-04-08 10:52:58
850,rb2210,SHFE,0_0_     1937762,     2234732,多,平今,5007.0,5,2022-04-08 10:52:58
851,rb2210,SHFE,0_0_     1938227,     2235672,空,开,5005.0,1,2022-04-08 10:53:04
852,rb2210,SHFE,0_0_     1938227,     2235673,空,开,5005.0,1,2022-04-08 10:53:04
853,rb2210,SHFE,0_0_     1938227,     2235674,空,开,5005.0,1,2022-04-08 10:53:04
854,rb2210,SHFE,0_0_     1938270,     2236392,多,开,5004.0,4,2022-04-08 10:53:07
855,rb2210,SHFE,0_0_     1938372,     2236412,空,平今,5005.0,4,2022-04-08 10:53:07
856,rb2210,SHFE,0_0_     1938379,     2236433,多,开,5004.0,1,2022-04-08 10:53:07
857,rb2210,SHFE,0_0_     1938379,     2236434,多,开,5004.0,3,2022-04-08 10:53:07
858,rb2210,SHFE,0_0_     1938388,     2236442,空,平今,5005.0,1,2022-04-08 10:53:07
859,rb2210,SHFE,0_0_     1938388,     2236448,空,平今,5005.0,3,2022-04-08 10:53:08
860,rb2210,SHFE,0_0_     1938621,     2237265,多,开,5006.0,4,2022-04-08 10:53:11
861,rb2210,SHFE,0_0_     1937797,     2237650,空,开,5008.0,1,2022-04-08 10:53:13
862,rb2210,SHFE,0_0_     1939101,     2237665,多,平今,5007.0,2,2022-04-08 10:53:13
863,rb2210,SHFE,0_0_     1940266,     2239481,多,平今,5009.0,1,2022-04-08 10:53:31
864,rb2210,SHFE,0_0_     1938415,     2242418,多,开,5004.0,1,2022-04-08 10:53:59
865,rb2210,SHFE,0_0_     1943631,     2242420,空,平今,5005.0,3,2022-04-08 10:53:59
866,rb2210,SHFE,0_0_     1938415,     2242459,多,开,5004.0,3,2022-04-08 10:53:59
867,rb2210,SHFE,0_0_     1943804,     2242835,空,开,5004.0,2,2022-04-08 10:54:01
868,rb2210,SHFE,0_0_     1943804,     2242836,空,开,5004.0,2,2022-04-08 10:54:01
869,rb2210,SHFE,0_0_     1943658,     2242865,空,平今,5005.0,2,2022-04-08 10:54:01
870,rb2210,SHFE,0_0_     1945092,     2245808,多,平今,5003.0,2,2022-04-08 10:54:17
871,rb2210,SHFE,0_0_     1946273,     2247441,多,开,5001.0,4,2022-04-08 10:54:22
872,rb2210,SHFE,0_0_     1946315,     2247476,空,平今,5002.0,1,2022-04-08 10:54:22
873,rb2210,SHFE,0_0_     1946315,     2247477,空,平今,5002.0,3,2022-04-08 10:54:22
874,rb2210,SHFE,0_0_     1946386,     2247481,多,开,5001.0,4,2022-04-08 10:54:22
875,rb2210,SHFE,0_0_     1946957,     2248378,空,平今,5001.0,6,2022-04-08 10:54:26
876,rb2210,SHFE,0_0_     1946992,     2248416,多,平今,5001.0,1,2022-04-08 10:54:26
877,rb2210,SHFE,0_0_     1947051,     2248573,多,开,5001.0,4,2022-04-08 10:54:27
878,rb2210,SHFE,0_0_     1947144,     2249228,空,开,5002.0,6,2022-04-08 10:54:31
879,rb2210,SHFE,0_0_     1947970,     2249903,多,平今,5002.000000000001,2,2022-04-08 10:54:36
880,rb2210,SHFE,0_0_     1947604,     2251647,多,平今,5001.0,4,2022-04-08 10:54:43
881,rb2210,SHFE,0_0_     1949857,     2253922,空,平今,5001.0,1,2022-04-08 10:54:47
882,rb2210,SHFE,0_0_     1949859,     2253950,多,平今,4999.0,1,2022-04-08 10:54:47
883,rb2210,SHFE,0_0_     1953787,     2258834,多,开,5003.0,3,2022-04-08 10:55:13
884,rb2210,SHFE,0_0_     1949047,     2259225,空,平今,5006.0,4,2022-04-08 10:55:18
885,rb2210,SHFE,0_0_     1954724,     2259991,多,开,5006.0,2,2022-04-08 10:55:20
886,rb2210,SHFE,0_0_     1954805,     2260095,空,平今,5007.0,1,2022-04-08 10:55:21
887,rb2210,SHFE,0_0_     1954805,     2260097,空,平今,5007.0,1,2022-04-08 10:55:21
888,rb2210,SHFE,0_0_     1957033,     2262833,空,平今,5009.0,3,2022-04-08 10:55:47
889,rb2210,SHFE,0_0_     1961674,     2268559,多,平今,5003.0,1,2022-04-08 10:56:54
890,rb2210,SHFE,0_0_     1963152,     2268795,空,开,5003.0,1,2022-04-08 10:56:58
891,rb2210,SHFE,0_0_     1964437,     2270100,空,开,5002.0,2,2022-04-08 10:57:08
892,rb2210,SHFE,0_0_     1964541,     2270260,多,开,5001.0,2,2022-04-08 10:57:10
893,rb2210,SHFE,0_0_     1964541,     2270269,多,开,5001.0,2,2022-04-08 10:57:10
894,rb2210,SHFE,0_0_     1965616,     2272544,空,平今,4999.0,4,2022-04-08 10:57:22
895,rb2210,SHFE,0_0_     1967522,     2275374,空,开,4999.0,4,2022-04-08 10:57:36
896,rb2210,SHFE,0_0_     1969617,     2277125,多,开,4998.0,1,2022-04-08 10:57:53
897,rb2210,SHFE,0_0_     1969617,     2277126,多,开,4998.0,1,2022-04-08 10:57:53
898,rb2210,SHFE,0_0_     1969617,     2277132,多,开,4998.0,6,2022-04-08 10:57:53
899,rb2210,SHFE,0_0_     1969574,     2277836,多,平今,4997.000000000001,6,2022-04-08 10:57:57
900,rb2210,SHFE,0_0_     1970083,     2278096,空,平今,4997.0,3,2022-04-08 10:57:58
901,rb2210,SHFE,0_0_     1970083,     2278131,空,平今,4997.0,5,2022-04-08 10:57:58
902,rb2210,SHFE,0_0_     1970400,     2279467,空,开,4993.0,1,2022-04-08 10:58:01
903,rb2210,SHFE,0_0_     1971094,     2281960,空,开,4992.0,4,2022-04-08 10:58:08
904,rb2210,SHFE,0_0_     1971150,     2281974,多,平今,4991.0,1,2022-04-08 10:58:08
905,rb2210,SHFE,0_0_     1971150,     2281975,多,平今,4991.0,1,2022-04-08 10:58:08
906,rb2210,SHFE,0_0_     1971150,     2281976,多,平今,4991.0,1,2022-04-08 10:58:08
907,rb2210,SHFE,0_0_     1971150,     2281977,多,平今,4991.0,1,2022-04-08 10:58:08
908,rb2210,SHFE,0_0_     1971151,     2282155,空,开,4992.0,4,2022-04-08 10:58:09
909,rb2210,SHFE,0_0_     1971239,     2282175,多,平今,4991.0,4,2022-04-08 10:58:09
910,rb2210,SHFE,0_0_     1971268,     2283114,空,开,4992.0,6,2022-04-08 10:58:12
911,rb2210,SHFE,0_0_     1971550,     2283239,多,平今,4991.0,1,2022-04-08 10:58:12
912,rb2210,SHFE,0_0_     1971550,     2283246,多,平今,4991.0,1,2022-04-08 10:58:12
913,rb2210,SHFE,0_0_     1971550,     2283247,多,平今,4991.0,1,2022-04-08 10:58:12
914,rb2210,SHFE,0_0_     1971550,     2283248,多,平今,4991.0,3,2022-04-08 10:58:12
915,rb2210,SHFE,0_0_     1974474,     2288048,空,开,4991.0,1,2022-04-08 10:58:30
916,rb2210,SHFE,0_0_     1974474,     2288051,空,开,4991.0,1,2022-04-08 10:58:30
917,rb2210,SHFE,0_0_     1974474,     2288056,空,开,4991.0,1,2022-04-08 10:58:30
918,rb2210,SHFE,0_0_     1974503,     2288124,多,平今,4990.0,3,2022-04-08 10:58:31
919,rb2210,SHFE,0_0_     1974593,     2288218,空,开,4991.0,6,2022-04-08 10:58:31
920,rb2210,SHFE,0_0_     1974648,     2288268,多,平今,4990.0,7,2022-04-08 10:58:31
921,rb2210,SHFE,0_0_     1975637,     2289840,多,开,4989.0,2,2022-04-08 10:58:40
922,rb2210,SHFE,0_0_     1974676,     2289957,空,开,4991.0,4,2022-04-08 10:58:40
923,rb2210,SHFE,0_0_     1975993,     2290771,多,平今,4989.0,1,2022-04-08 10:58:45
924,rb2210,SHFE,0_0_     1976418,     2291594,空,平今,4988.0,1,2022-04-08 10:58:49
925,rb2210,SHFE,0_0_     1976981,     2293366,多,平今,4988.0,1,2022-04-08 10:59:00
926,rb2210,SHFE,0_0_     1977771,     2293914,多,平今,4991.0,2,2022-04-08 10:59:03
927,rb2210,SHFE,0_0_     1977836,     2294537,空,开,4992.0,4,2022-04-08 10:59:06
928,rb2210,SHFE,0_0_     1982388,     2302395,空,开,4988.0,1,2022-04-08 10:59:59
929,rb2210,SHFE,0_0_     1982388,     2302430,空,开,4988.0,2,2022-04-08 10:59:59
930,rb2210,SHFE,0_0_     1994663,     2319919,多,开,4993.0,1,2022-04-08 11:01:58
931,rb2210,SHFE,0_0_     1990073,     2320830,多,开,4990.0,1,2022-04-08 11:02:05
932,rb2210,SHFE,0_0_     1990073,     2320831,多,开,4990.0,1,2022-04-08 11:02:05
933,rb2210,SHFE,0_0_     1990073,     2320833,多,开,4990.0,2,2022-04-08 11:02:05
934,rb2210,SHFE,0_0_     1982892,     2321601,多,平今,4988.0,8,2022-04-08 11:02:09
935,rb2210,SHFE,0_0_     1997012,     2322074,空,开,4988.0,1,2022-04-08 11:02:10
936,rb2210,SHFE,0_0_     1997012,     2322075,空,开,4988.0,1,2022-04-08 11:02:10
937,rb2210,SHFE,0_0_     1997012,     2322079,空,开,4988.0,1,2022-04-08 11:02:10
938,rb2210,SHFE,0_0_     1997012,     2322082,空,开,4988.0,1,2022-04-08 11:02:10
939,rb2210,SHFE,0_0_     1997452,     2322286,空,平今,4987.0,1,2022-04-08 11:02:11
940,rb2210,SHFE,0_0_     1997545,     2322484,多,平今,4987.0,1,2022-04-08 11:02:11
941,rb2210,SHFE,0_0_     1997545,     2322487,多,平今,4987.0,3,2022-04-08 11:02:11
942,rb2210,SHFE,0_0_     1997550,     2322684,空,开,4988.0,4,2022-04-08 11:02:12
943,rb2210,SHFE,0_0_     1997607,     2322697,多,平今,4987.0,1,2022-04-08 11:02:12
944,rb2210,SHFE,0_0_     1997607,     2322698,多,平今,4987.0,1,2022-04-08 11:02:12
945,rb2210,SHFE,0_0_     1997607,     2322740,多,平今,4987.0,1,2022-04-08 11:02:12
946,rb2210,SHFE,0_0_     1997607,     2322741,多,平今,4987.0,1,2022-04-08 11:02:12
947,rb2210,SHFE,0_0_     1997622,     2322840,空,开,4988.0,4,2022-04-08 11:02:13
948,rb2210,SHFE,0_0_     1997643,     2323255,空,开,4988.0,1,2022-04-08 11:02:15
949,rb2210,SHFE,0_0_     1997643,     2323261,空,开,4988.0,1,2022-04-08 11:02:15
950,rb2210,SHFE,0_0_     1997643,     2323270,空,开,4988.0,1,2022-04-08 11:02:15
951,rb2210,SHFE,0_0_     1997643,     2323530,空,开,4988.0,1,2022-04-08 11:02:16
952,rb2210,SHFE,0_0_     1998329,     2323562,多,平今,4987.0,1,2022-04-08 11:02:16
953,rb2210,SHFE,0_0_     1999925,     2326686,多,平今,4985.0,1,2022-04-08 11:02:28
954,rb2210,SHFE,0_0_     1999925,     2326696,多,平今,4985.0,1,2022-04-08 11:02:28
955,rb2210,SHFE,0_0_     2005490,     2335980,空,平今,4982.0,4,2022-04-08 11:03:07
956,rb2210,SHFE,0_0_     2006001,     2336619,多,平今,4981.0,1,2022-04-08 11:03:11
957,rb2210,SHFE,0_0_     2006723,     2338310,多,平今,4979.0,1,2022-04-08 11:03:16
958,rb2210,SHFE,0_0_     2006794,     2338992,空,平今,4978.0,1,2022-04-08 11:03:17
959,rb2210,SHFE,0_0_     2006804,     2339018,多,平今,4977.0,1,2022-04-08 11:03:17
960,rb2210,SHFE,0_0_     2006805,     2339142,空,开,4978.0,1,2022-04-08 11:03:18
961,rb2210,SHFE,0_0_     2006962,     2339160,多,平今,4977.0,1,2022-04-08 11:03:18
962,rb2210,SHFE,0_0_     2007596,     2342437,空,开,4973.0,1,2022-04-08 11:03:22
963,rb2210,SHFE,0_0_     2007596,     2342440,空,开,4973.0,1,2022-04-08 11:03:22
964,rb2210,SHFE,0_0_     2007596,     2342443,空,开,4973.0,1,2022-04-08 11:03:22
965,rb2210,SHFE,0_0_     2007596,     2342447,空,开,4973.0,1,2022-04-08 11:03:22
966,rb2210,SHFE,0_0_     2007596,     2342453,空,开,4973.0,2,2022-04-08 11:03:22
967,rb2210,SHFE,0_0_     2008252,     2345100,多,平今,4971.0,4,2022-04-08 11:03:26
968,rb2210,SHFE,0_0_     2008615,     2345651,空,开,4973.0,3,2022-04-08 11:03:28
969,rb2210,SHFE,0_0_     2008797,     2346588,多,平今,4973.0,4,2022-04-08 11:03:29
970,rb2210,SHFE,0_0_     2009017,     2346651,多,开,4973.0,7,2022-04-08 11:03:29
971,rb2210,SHFE,0_0_     2009032,     2346661,空,平今,4974.0,1,2022-04-08 11:03:29
972,rb2210,SHFE,0_0_     2009032,     2346679,空,平今,4974.0,6,2022-04-08 11:03:29
973,rb2210,SHFE,0_0_     2009033,     2347711,多,开,4973.0,7,2022-04-08 11:03:32
974,rb2210,SHFE,0_0_     2010088,     2348834,空,平今,4974.0,4,2022-04-08 11:03:36
975,rb2210,SHFE,0_0_     2012568,     2353591,空,开,4976.0,1,2022-04-08 11:03:55
976,rb2210,SHFE,0_0_     2012568,     2353606,空,开,4976.0,2,2022-04-08 11:03:55
977,rb2210,SHFE,0_0_     2012568,     2353607,空,开,4976.0,2,2022-04-08 11:03:55
978,rb2210,SHFE,0_0_     2012865,     2354116,多,平今,4976.0,1,2022-04-08 11:03:58
979,rb2210,SHFE,0_0_     2012865,     2354119,多,平今,4976.0,3,2022-04-08 11:03:58
980,rb2210,SHFE,0_0_     2016150,     2359280,多,开,4980.0,1,2022-04-08 11:04:26
981,rb2210,SHFE,0_0_     2016150,     2359288,多,开,4980.0,1,2022-04-08 11:04:26
982,rb2210,SHFE,0_0_     2016150,     2359291,多,开,4980.0,1,2022-04-08 11:04:26
983,rb2210,SHFE,0_0_     2016150,     2359527,多,开,4980.0,1,2022-04-08 11:04:27
984,rb2210,SHFE,0_0_     2016150,     2359536,多,开,4980.0,1,2022-04-08 11:04:27
985,rb2210,SHFE,0_0_     2017178,     2360164,空,平今,4981.0,2,2022-04-08 11:04:30
986,rb2210,SHFE,0_0_     2017660,     2360327,多,平今,4980.0,1,2022-04-08 11:04:31
987,rb2210,SHFE,0_0_     2017660,     2360336,多,平今,4980.0,1,2022-04-08 11:04:31
988,rb2210,SHFE,0_0_     2017660,     2360337,多,平今,4980.0,1,2022-04-08 11:04:31
989,rb2210,SHFE,0_0_     2017660,     2360342,多,平今,4980.0,1,2022-04-08 11:04:31
990,rb2210,SHFE,0_0_     2017726,     2360597,空,平今,4981.0,1,2022-04-08 11:04:32
991,rb2210,SHFE,0_0_     2018867,     2362119,空,平今,4979.0,4,2022-04-08 11:04:45
992,rb2210,SHFE,0_0_     2020393,     2365000,空,开,4975.0,2,2022-04-08 11:05:00
993,rb2210,SHFE,0_0_     2021022,     2365691,多,平今,4975.0,1,2022-04-08 11:05:04
994,rb2210,SHFE,0_0_     2019133,     2366768,空,开,4979.0,4,2022-04-08 11:05:09
995,rb2210,SHFE,0_0_     2022224,     2366873,多,平今,4978.0,4,2022-04-08 11:05:10
996,rb2210,SHFE,0_0_     2022520,     2367208,空,开,4978.0,2,2022-04-08 11:05:12
997,rb2210,SHFE,0_0_     2024413,     2370052,空,开,4973.0,4,2022-04-08 11:05:28
998,rb2210,SHFE,0_0_     2024866,     2370999,多,平今,4973.0,2,2022-04-08 11:05:32
999,rb2210,SHFE,0_0_     2025068,     2371044,空,开,4974.0,2,2022-04-08 11:05:32
1000,rb2210,SHFE,0_0_     2025348,     2371454,多,平今,4972.0,4,2022-04-08 11:05:35
1001,rb2210,SHFE,0_0_     2026096,     2373467,多,平今,4971.0,1,2022-04-08 11:05:40
1002,rb2210,SHFE,0_0_     2026523,     2374275,空,开,4969.0,1,2022-04-08 11:05:43
1003,rb2210,SHFE,0_0_     2026523,     2374276,空,开,4969.0,1,2022-04-08 11:05:43
1004,rb2210,SHFE,0_0_     2026788,     2375077,多,平今,4969.0,1,2022-04-08 11:05:45
1005,rb2210,SHFE,0_0_     2026788,     2375081,多,平今,4969.0,1,2022-04-08 11:05:45
1006,rb2210,SHFE,0_0_     2026788,     2375082,多,平今,4969.0,2,2022-04-08 11:05:45
1007,rb2210,SHFE,0_0_     2026897,     2375600,空,开,4970.0,4,2022-04-08 11:05:46
1008,rb2210,SHFE,0_0_     2026927,     2376045,多,平今,4969.0,4,2022-04-08 11:05:48
1009,rb2210,SHFE,0_0_     2027178,     2376103,空,开,4970.0,4,2022-04-08 11:05:48
1010,rb2210,SHFE,0_0_     2027199,     2376177,多,平今,4969.0,4,2022-04-08 11:05:48
1011,rb2210,SHFE,0_0_     2027220,     2376207,空,开,4970.0,4,2022-04-08 11:05:48
1012,rb2210,SHFE,0_0_     2027221,     2376222,多,平今,4969.0,1,2022-04-08 11:05:48
1013,rb2210,SHFE,0_0_     2027221,     2376228,多,平今,4969.0,2,2022-04-08 11:05:49
1014,rb2210,SHFE,0_0_     2027221,     2376229,多,平今,4969.0,1,2022-04-08 11:05:49
1015,rb2210,SHFE,0_0_     2027818,     2377534,空,开,4970.0,1,2022-04-08 11:05:54
1016,rb2210,SHFE,0_0_     2027818,     2377535,空,开,4970.0,2,2022-04-08 11:05:54
1017,rb2210,SHFE,0_0_     2028438,     2379022,多,开,4969.0,1,2022-04-08 11:06:00
1018,rb2210,SHFE,0_0_     2028438,     2379023,多,开,4969.0,3,2022-04-08 11:06:00
1019,rb2210,SHFE,0_0_     2028443,     2379066,空,平今,4970.0,1,2022-04-08 11:06:00
1020,rb2210,SHFE,0_0_     2028443,     2379102,空,平今,4970.0,1,2022-04-08 11:06:00
1021,rb2210,SHFE,0_0_     2028443,     2379109,空,平今,4970.0,2,2022-04-08 11:06:00
1022,rb2210,SHFE,0_0_     2028469,     2379112,多,开,4969.0,4,2022-04-08 11:06:00
1023,rb2210,SHFE,0_0_     2028470,     2381718,空,平今,4970.0,4,2022-04-08 11:06:08
1024,rb2210,SHFE,0_0_     2030014,     2381830,多,开,4969.0,4,2022-04-08 11:06:08
1025,rb2210,SHFE,0_0_     2030088,     2381853,空,平今,4970.0,2,2022-04-08 11:06:08
1026,rb2210,SHFE,0_0_     2030088,     2381854,空,平今,4970.0,1,2022-04-08 11:06:08
1027,rb2210,SHFE,0_0_     2030088,     2381857,空,平今,4970.0,1,2022-04-08 11:06:08
1028,rb2210,SHFE,0_0_     2025360,     2384955,空,开,4973.0,1,2022-04-08 11:06:21
1029,rb2210,SHFE,0_0_     2025360,     2384956,空,开,4973.0,1,2022-04-08 11:06:21
1030,rb2210,SHFE,0_0_     2025360,     2384985,空,开,4973.0,2,2022-04-08 11:06:21
1031,rb2210,SHFE,0_0_     2032398,     2385013,多,平今,4972.0,1,2022-04-08 11:06:21
1032,rb2210,SHFE,0_0_     2032398,     2385026,多,平今,4972.0,2,2022-04-08 11:06:21
1033,rb2210,SHFE,0_0_     2032398,     2385028,多,平今,4972.0,1,2022-04-08 11:06:21
1034,rb2210,SHFE,0_0_     2032430,     2385139,空,开,4973.000000000001,3,2022-04-08 11:06:22
1035,rb2210,SHFE,0_0_     2032478,     2385372,多,平今,4972.0,3,2022-04-08 11:06:23
1036,rb2210,SHFE,0_0_     2033303,     2386764,空,开,4973.0,2,2022-04-08 11:06:34
1037,rb2210,SHFE,0_0_     2033303,     2386765,空,开,4973.0,1,2022-04-08 11:06:34
1038,rb2210,SHFE,0_0_     2033465,     2387094,空,平今,4972.0,1,2022-04-08 11:06:36
1039,rb2210,SHFE,0_0_     2037130,     2391999,多,平今,4976.0,2,2022-04-08 11:07:07
1040,rb2210,SHFE,0_0_     2039044,     2394117,多,平今,4977.000000000001,1,2022-04-08 11:07:17
1041,rb2210,SHFE,0_0_     2039123,     2394271,空,开,4977.0,2,2022-04-08 11:07:18
1042,rb2210,SHFE,0_0_     2030109,     2400838,多,开,4969.000000000001,1,2022-04-08 11:08:01
1043,rb2210,SHFE,0_0_     2030109,     2400840,多,开,4969.000000000001,2,2022-04-08 11:08:01
1044,rb2210,SHFE,0_0_     2030109,     2400841,多,开,4969.000000000001,1,2022-04-08 11:08:01
1045,rb2210,SHFE,0_0_     2044223,     2402637,空,平今,4968.0,4,2022-04-08 11:08:07
1046,rb2210,SHFE,0_0_     2044590,     2403058,多,开,4968.0,7,2022-04-08 11:08:09
1047,rb2210,SHFE,0_0_     2044590,     2403059,多,开,4968.0,1,2022-04-08 11:08:09
1048,rb2210,SHFE,0_0_     2044557,     2404248,多,平今,4967.0,2,2022-04-08 11:08:16
1049,rb2210,SHFE,0_0_     2046013,     2404665,空,平今,4967.0,1,2022-04-08 11:08:18
1050,rb2210,SHFE,0_0_     2046013,     2404666,空,平今,4967.0,2,2022-04-08 11:08:18
1051,rb2210,SHFE,0_0_     2046013,     2404667,空,平今,4967.0,1,2022-04-08 11:08:18
1052,rb2210,SHFE,0_0_     2045905,     2404827,空,平今,4968.0,1,2022-04-08 11:08:19
1053,rb2210,SHFE,0_0_     2048398,     2408801,空,开,4966.0,4,2022-04-08 11:08:42
1054,rb2210,SHFE,0_0_     2051955,     2413495,多,平今,4967.0,4,2022-04-08 11:09:11
1055,rb2210,SHFE,0_0_     2052508,     2414220,多,平今,4967.0,1,2022-04-08 11:09:18
1056,rb2210,SHFE,0_0_     2052508,     2414229,多,平今,4967.0,1,2022-04-08 11:09:18
1057,rb2210,SHFE,0_0_     2052531,     2414232,空,平今,4968.0,1,2022-04-08 11:09:18
1058,rb2210,SHFE,0_0_     2052531,     2414233,空,平今,4968.0,1,2022-04-08 11:09:18
1059,rb2210,SHFE,0_0_     2052538,     2414283,多,开,4967.0,2,2022-04-08 11:09:18
1060,rb2210,SHFE,0_0_     2052575,     2414399,空,平今,4968.0,2,2022-04-08 11:09:20
1061,rb2210,SHFE,0_0_     2052632,     2414428,多,开,4967.000000000001,1,2022-04-08 11:09:20
1062,rb2210,SHFE,0_0_     2052632,     2414429,多,开,4967.000000000001,1,2022-04-08 11:09:20
1063,rb2210,SHFE,0_0_     2052641,     2414565,空,平今,4968.0,2,2022-04-08 11:09:21
1064,rb2210,SHFE,0_0_     2052688,     2414629,多,开,4967.0,2,2022-04-08 11:09:21
1065,rb2210,SHFE,0_0_     2058971,     2425829,空,开,4964.0,1,2022-04-08 11:10:24
1066,rb2210,SHFE,0_0_     2058971,     2425845,空,开,4964.0,1,2022-04-08 11:10:24
1067,rb2210,SHFE,0_0_     2052702,     2432164,空,平今,4968.0,2,2022-04-08 11:10:56
1068,rb2210,SHFE,0_0_     2062883,     2432687,多,平今,4968.0,2,2022-04-08 11:10:59
1069,rb2210,SHFE,0_0_     2062997,     2433004,空,开,4969.000000000001,2,2022-04-08 11:11:01
1070,rb2210,SHFE,0_0_     2063161,     2433684,空,平今,4969.0,1,2022-04-08 11:11:05
1071,rb2210,SHFE,0_0_     2063665,     2433730,多,平今,4968.000000000001,2,2022-04-08 11:11:06
1072,rb2210,SHFE,0_0_     2063775,     2434704,空,开,4968.0,4,2022-04-08 11:11:12
1073,rb2210,SHFE,0_0_     2065585,     2436576,多,开,4967.0,8,2022-04-08 11:11:23
1074,rb2210,SHFE,0_0_     2066844,     2438242,多,平今,4968.0,3,2022-04-08 11:11:37
1075,rb2210,SHFE,0_0_     2066923,     2438400,空,平今,4969.0,3,2022-04-08 11:11:38
1076,rb2210,SHFE,0_0_     2067035,     2438837,空,平今,4969.0,4,2022-04-08 11:11:41
1077,rb2210,SHFE,0_0_     2067230,     2438973,多,平今,4968.0,1,2022-04-08 11:11:43
1078,rb2210,SHFE,0_0_     2067230,     2438983,多,平今,4968.0,1,2022-04-08 11:11:43
1079,rb2210,SHFE,0_0_     2067312,     2446632,空,开,4969.0,1,2022-04-08 11:12:30
1080,rb2210,SHFE,0_0_     2067312,     2446633,空,开,4969.0,1,2022-04-08 11:12:30
1081,rb2210,SHFE,0_0_     2067312,     2446659,空,开,4969.0,4,2022-04-08 11:12:30
1082,rb2210,SHFE,0_0_     2071534,     2447069,多,平今,4968.0,6,2022-04-08 11:12:33
1083,rb2210,SHFE,0_0_     2071963,     2447325,空,开,4969.0,4,2022-04-08 11:12:35
1084,rb2210,SHFE,0_0_     2072012,     2447332,多,平今,4968.0,4,2022-04-08 11:12:35
1085,rb2210,SHFE,0_0_     2072022,     2447457,空,开,4969.0,2,2022-04-08 11:12:36
1086,rb2210,SHFE,0_0_     2072022,     2447487,空,开,4969.0,1,2022-04-08 11:12:36
1087,rb2210,SHFE,0_0_     2072022,     2447514,空,开,4969.0,1,2022-04-08 11:12:37
1088,rb2210,SHFE,0_0_     2073834,     2450002,多,平今,4968.0,2,2022-04-08 11:12:57
1089,rb2210,SHFE,0_0_     2069503,     2452931,多,开,4964.0,1,2022-04-08 11:13:22
1090,rb2210,SHFE,0_0_     2069503,     2452932,多,开,4964.0,1,2022-04-08 11:13:22
1091,rb2210,SHFE,0_0_     2069503,     2452936,多,开,4964.0,1,2022-04-08 11:13:22
1092,rb2210,SHFE,0_0_     2069503,     2452938,多,开,4964.0,1,2022-04-08 11:13:22
1093,rb2210,SHFE,0_0_     2075910,     2453464,空,平今,4964.0,4,2022-04-08 11:13:24
1094,rb2210,SHFE,0_0_     2077447,     2456365,空,平今,4961.0,1,2022-04-08 11:13:38
1095,rb2210,SHFE,0_0_     2078710,     2462698,空,开,4959.0,1,2022-04-08 11:14:06
1096,rb2210,SHFE,0_0_     2078741,     2462837,空,开,4959.0,2,2022-04-08 11:14:06
1097,rb2210,SHFE,0_0_     2082064,     2466056,多,平今,4955.0,4,2022-04-08 11:14:22
1098,rb2210,SHFE,0_0_     2082298,     2466468,多,开,4954.0,2,2022-04-08 11:14:24
1099,rb2210,SHFE,0_0_     2082377,     2466886,空,开,4955.0,7,2022-04-08 11:14:25
1100,rb2210,SHFE,0_0_     2082415,     2467032,多,平今,4954.0,3,2022-04-08 11:14:26
1101,rb2210,SHFE,0_0_     2082494,     2467191,多,开,4954.0,6,2022-04-08 11:14:27
1102,rb2210,SHFE,0_0_     2082680,     2467458,空,平今,4955.0,4,2022-04-08 11:14:28
1103,rb2210,SHFE,0_0_     2082761,     2467566,空,平今,4955.0,1,2022-04-08 11:14:29
1104,rb2210,SHFE,0_0_     2082761,     2467573,空,平今,4955.0,2,2022-04-08 11:14:29
1105,rb2210,SHFE,0_0_     2082761,     2467576,空,平今,4955.0,1,2022-04-08 11:14:29
1106,rb2210,SHFE,0_0_     2082952,     2467917,多,开,4954.0,6,2022-04-08 11:14:32
1107,rb2210,SHFE,0_0_     2082980,     2467918,空,平今,4955.0,6,2022-04-08 11:14:32
1108,rb2210,SHFE,0_0_     2086035,     2475318,空,开,4957.0,3,2022-04-08 11:15:08
1109,rb2210,SHFE,0_0_     2088947,     2480638,多,开,4964.0,4,2022-04-08 11:15:38
1110,rb2210,SHFE,0_0_     2089526,     2481833,空,平今,4964.0,2,2022-04-08 11:15:47
1111,rb2210,SHFE,0_0_     2089646,     2481839,多,平今,4963.0,1,2022-04-08 11:15:47
1112,rb2210,SHFE,0_0_     2089646,     2481854,多,平今,4963.0,1,2022-04-08 11:15:47
1113,rb2210,SHFE,0_0_     2093936,     2488737,多,平今,4969.0,1,2022-04-08 11:16:33
1114,rb2210,SHFE,0_0_     2094111,     2489123,空,平今,4970.0,1,2022-04-08 11:16:35
1115,rb2210,SHFE,0_0_     2099107,     2495416,多,开,4974.0,4,2022-04-08 11:17:12
1116,rb2210,SHFE,0_0_     2100699,     2497950,多,平今,4974.0,2,2022-04-08 11:17:27
1117,rb2210,SHFE,0_0_     2100898,     2499460,空,平今,4975.000000000001,4,2022-04-08 11:17:34
1118,rb2210,SHFE,0_0_     2102142,     2500261,多,开,4977.0,1,2022-04-08 11:17:37
1119,rb2210,SHFE,0_0_     2102142,     2500267,多,开,4977.0,2,2022-04-08 11:17:37
1120,rb2210,SHFE,0_0_     2101643,     2503619,多,开,4974.0,3,2022-04-08 11:17:52
1121,rb2210,SHFE,0_0_     2101643,     2503749,多,开,4974.0,1,2022-04-08 11:17:53
1122,rb2210,SHFE,0_0_     2104309,     2503827,空,平今,4975.0,1,2022-04-08 11:17:53
1123,rb2210,SHFE,0_0_     2104597,     2504225,多,平今,4974.0,3,2022-04-08 11:17:55
1124,rb2210,SHFE,0_0_     2103711,     2508947,空,平今,4977.0,1,2022-04-08 11:18:21
1125,rb2210,SHFE,0_0_     2108369,     2508957,多,开,4976.0,1,2022-04-08 11:18:21
1126,rb2210,SHFE,0_0_     2108372,     2510226,空,平今,4977.0,1,2022-04-08 11:18:27
1127,rb2210,SHFE,0_0_     2113043,     2515216,空,平今,4975.0,4,2022-04-08 11:18:57
1128,rb2210,SHFE,0_0_     2117267,     2520400,空,开,4978.0,7,2022-04-08 11:19:32
1129,rb2210,SHFE,0_0_     2117916,     2521053,多,平今,4976.0,1,2022-04-08 11:19:38
1130,rb2210,SHFE,0_0_     2113044,     2522767,多,开,4974.0,4,2022-04-08 11:19:51
1131,rb2210,SHFE,0_0_     2120243,     2523355,空,平今,4974.0,1,2022-04-08 11:19:57
1132,rb2210,SHFE,0_0_     2120249,     2523521,多,平今,4973.0,1,2022-04-08 11:19:59
1133,rb2210,SHFE,0_0_     2120384,     2523532,空,平今,4974.0,1,2022-04-08 11:19:59
1134,rb2210,SHFE,0_0_     2120396,     2523605,多,平今,4973.0,1,2022-04-08 11:20:00
1135,rb2210,SHFE,0_0_     2121601,     2525777,空,开,4968.0,4,2022-04-08 11:20:12
1136,rb2210,SHFE,0_0_     2121713,     2526012,空,平今,4968.0,1,2022-04-08 11:20:14
1137,rb2210,SHFE,0_0_     2121713,     2526013,空,平今,4968.0,1,2022-04-08 11:20:14
1138,rb2210,SHFE,0_0_     2124017,     2530584,多,平今,4969.0,1,2022-04-08 11:20:36
1139,rb2210,SHFE,0_0_     2124017,     2530585,多,平今,4969.0,5,2022-04-08 11:20:36
1140,rb2210,SHFE,0_0_     2124017,     2530586,多,平今,4969.0,2,2022-04-08 11:20:36
1141,rb2210,SHFE,0_0_     2124073,     2530754,空,开,4969.0,4,2022-04-08 11:20:37
1142,rb2210,SHFE,0_0_     2127740,     2537283,空,平今,4969.0,1,2022-04-08 11:21:02
1143,rb2210,SHFE,0_0_     2120420,     2542050,空,平今,4974.0,1,2022-04-08 11:21:34
1144,rb2210,SHFE,0_0_     2132355,     2542625,多,平今,4973.0,1,2022-04-08 11:21:38
1145,rb2210,SHFE,0_0_     2132931,     2544609,空,开,4974.0,1,2022-04-08 11:21:53
1146,rb2210,SHFE,0_0_     2138704,     2552010,多,开,4983.0,4,2022-04-08 11:22:35
1147,rb2210,SHFE,0_0_     2139603,     2553497,空,平今,4984.0,2,2022-04-08 11:22:42
1148,rb2210,SHFE,0_0_     2140021,     2554367,空,开,4984.0,1,2022-04-08 11:22:46
1149,rb2210,SHFE,0_0_     2140021,     2554434,空,开,4984.0,1,2022-04-08 11:22:46
1150,rb2210,SHFE,0_0_     2140021,     2554436,空,开,4984.0,1,2022-04-08 11:22:46
1151,rb2210,SHFE,0_0_     2140021,     2554440,空,开,4984.0,1,2022-04-08 11:22:46
1152,rb2210,SHFE,0_0_     2140333,     2554919,多,平今,4983.0,1,2022-04-08 11:22:50
1153,rb2210,SHFE,0_0_     2140449,     2555231,空,平今,4982.0,1,2022-04-08 11:22:51
1154,rb2210,SHFE,0_0_     2141051,     2556064,多,平今,4981.0,2,2022-04-08 11:22:57
1155,rb2210,SHFE,0_0_     2143924,     2561105,多,平今,4985.0,2,2022-04-08 11:23:30
1156,rb2210,SHFE,0_0_     2143924,     2561106,多,平今,4985.0,2,2022-04-08 11:23:30
1157,rb2210,SHFE,0_0_     2144594,     2562385,空,开,4986.0,4,2022-04-08 11:23:40
1158,rb2210,SHFE,0_0_     2145537,     2562432,多,平今,4985.0,4,2022-04-08 11:23:40
1159,rb2210,SHFE,0_0_     2145538,     2562582,空,开,4986.0,4,2022-04-08 11:23:41
1160,rb2210,SHFE,0_0_     2145612,     2562689,多,平今,4985.0,4,2022-04-08 11:23:41
1161,rb2210,SHFE,0_0_     2147577,     2564691,空,开,4984.0,3,2022-04-08 11:23:55
1162,rb2210,SHFE,0_0_     2145680,     2565951,空,开,4986.0,2,2022-04-08 11:24:02
1163,rb2210,SHFE,0_0_     2149063,     2566591,多,平今,4987.0,1,2022-04-08 11:24:06
1164,rb2210,SHFE,0_0_     2149105,     2566878,多,平今,4987.0,2,2022-04-08 11:24:08
1165,rb2210,SHFE,0_0_     2149939,     2567577,多,开,4986.0,4,2022-04-08 11:24:15
1166,rb2210,SHFE,0_0_     2150186,     2568119,空,平今,4986.0,3,2022-04-08 11:24:18
1167,rb2210,SHFE,0_0_     2150308,     2568476,多,开,4988.0,1,2022-04-08 11:24:20
1168,rb2210,SHFE,0_0_     2150308,     2568477,多,开,4988.0,1,2022-04-08 11:24:20
1169,rb2210,SHFE,0_0_     2150308,     2568478,多,开,4988.0,2,2022-04-08 11:24:20
1170,rb2210,SHFE,0_0_     2150308,     2568479,多,开,4988.0,1,2022-04-08 11:24:20
1171,rb2210,SHFE,0_0_     2150308,     2568480,多,开,4988.0,1,2022-04-08 11:24:20
1172,rb2210,SHFE,0_0_     2150769,     2569829,空,平今,4990.0,4,2022-04-08 11:24:25
1173,rb2210,SHFE,0_0_     2151037,     2570666,空,平今,4991.0,2,2022-04-08 11:24:28
1174,rb2210,SHFE,0_0_     2150790,     2570824,多,开,4989.0,4,2022-04-08 11:24:29
1175,rb2210,SHFE,0_0_     2151175,     2570915,空,平今,4990.0,4,2022-04-08 11:24:29
1176,rb2210,SHFE,0_0_     2151237,     2570972,多,开,4989.0,1,2022-04-08 11:24:30
1177,rb2210,SHFE,0_0_     2151237,     2570977,多,开,4989.0,1,2022-04-08 11:24:30
1178,rb2210,SHFE,0_0_     2151237,     2570978,多,开,4989.0,2,2022-04-08 11:24:30
1179,rb2210,SHFE,0_0_     2151326,     2571396,空,平今,4989.0,4,2022-04-08 11:24:31
1180,rb2210,SHFE,0_0_     2151665,     2571790,多,开,4988.0,2,2022-04-08 11:24:33
1181,rb2210,SHFE,0_0_     2151245,     2572693,空,开,4990.0,5,2022-04-08 11:24:38
1182,rb2210,SHFE,0_0_     2153786,     2575223,空,平今,4989.000000000001,1,2022-04-08 11:25:00
1183,rb2210,SHFE,0_0_     2154651,     2575993,多,开,4989.0,5,2022-04-08 11:25:04
1184,rb2210,SHFE,0_0_     2154102,     2576620,多,平今,4988.0,1,2022-04-08 11:25:10
1185,rb2210,SHFE,0_0_     2155180,     2576887,空,平今,4988.0,1,2022-04-08 11:25:11
1186,rb2210,SHFE,0_0_     2155180,     2576891,空,平今,4988.0,3,2022-04-08 11:25:11
1187,rb2210,SHFE,0_0_     2155266,     2577087,多,平今,4987.0,4,2022-04-08 11:25:13
1188,rb2210,SHFE,0_0_     2155457,     2577131,空,平今,4987.000000000001,3,2022-04-08 11:25:14
1189,rb2210,SHFE,0_0_     2155457,     2577152,空,平今,4987.0,1,2022-04-08 11:25:14
1190,rb2210,SHFE,0_0_     2155475,     2577277,多,开,4986.0,2,2022-04-08 11:25:15
1191,rb2210,SHFE,0_0_     2155475,     2577293,多,开,4986.0,5,2022-04-08 11:25:15
1192,rb2210,SHFE,0_0_     2156112,     2578132,空,平今,4987.0,4,2022-04-08 11:25:20
1193,rb2210,SHFE,0_0_     2160395,     2585150,多,平今,4984.0,1,2022-04-08 11:26:16
1194,rb2210,SHFE,0_0_     2169846,     2593393,多,开,4977.0,1,2022-04-08 11:27:30
1195,rb2210,SHFE,0_0_     2171207,     2595101,多,平今,4982.0,2,2022-04-08 11:27:47
1196,rb2210,SHFE,0_0_     2173596,     2598464,空,平今,4984.0,1,2022-04-08 11:28:17
1197,rb2210,SHFE,0_0_     2176178,     2601793,空,开,4979.0,4,2022-04-08 11:28:46
1198,rb2210,SHFE,0_0_     2176236,     2601884,多,平今,4978.0,4,2022-04-08 11:28:46
1199,rb2210,SHFE,0_0_     2176268,     2602004,空,开,4979.0,1,2022-04-08 11:28:47
1200,rb2210,SHFE,0_0_     2176268,     2602006,空,开,4979.0,1,2022-04-08 11:28:47
1201,rb2210,SHFE,0_0_     2176268,     2602007,空,开,4979.0,1,2022-04-08 11:28:47
1202,rb2210,SHFE,0_0_     2176268,     2602010,空,开,4979.0,1,2022-04-08 11:28:47
1203,rb2210,SHFE,0_0_     2176332,     2602927,多,平今,4978.0,1,2022-04-08 11:28:55
1204,rb2210,SHFE,0_0_     2177129,     2603135,空,平今,4979.0,1,2022-04-08 11:28:57
1205,rb2210,SHFE,0_0_     2181359,     2633343,空,平今,4997.0,2,2022-04-08 13:30:21
1206,rb2210,SHFE,0_0_     2181367,     2633625,多,开,4997.0,4,2022-04-08 13:30:22
1207,rb2210,SHFE,0_0_     2181452,     2635331,多,平今,4996.0,2,2022-04-08 13:30:26
1208,rb2210,SHFE,0_0_     2181485,     2639712,空,开,4998.0,6,2022-04-08 13:30:38
1209,rb2210,SHFE,0_0_     2181792,     2640372,多,平今,4999.0,1,2022-04-08 13:30:39
1210,rb2210,SHFE,0_0_     2181792,     2640375,多,平今,4999.0,3,2022-04-08 13:30:39
1211,rb2210,SHFE,0_0_     2182114,     2645060,空,平今,4998.0,1,2022-04-08 13:30:54
1212,rb2210,SHFE,0_0_     2182114,     2645069,空,平今,4998.0,1,2022-04-08 13:30:54
1213,rb2210,SHFE,0_0_     2182114,     2645070,空,平今,4998.0,1,2022-04-08 13:30:54
1214,rb2210,SHFE,0_0_     2182114,     2645075,空,平今,4998.0,1,2022-04-08 13:30:54
1215,rb2210,SHFE,0_0_     2182214,     2646526,多,平今,4999.0,3,2022-04-08 13:30:59
1216,rb2210,SHFE,0_0_     2182259,     2647571,空,开,4999.0,3,2022-04-08 13:31:01
1217,rb2210,SHFE,0_0_     2182391,     2651867,多,开,5002.0,4,2022-04-08 13:31:07
1218,rb2210,SHFE,0_0_     2182405,     2651869,空,平今,5003.0,4,2022-04-08 13:31:07
1219,rb2210,SHFE,0_0_     2182735,     2658826,多,开,5005.0,1,2022-04-08 13:31:22
1220,rb2210,SHFE,0_0_     2182735,     2658831,多,开,5005.0,1,2022-04-08 13:31:22
1221,rb2210,SHFE,0_0_     2182777,     2659420,空,平今,5006.0,1,2022-04-08 13:31:23
1222,rb2210,SHFE,0_0_     2182790,     2659554,多,开,5005.0,2,2022-04-08 13:31:24
1223,rb2210,SHFE,0_0_     2182804,     2659942,空,开,5005.0,4,2022-04-08 13:31:25
1224,rb2210,SHFE,0_0_     2182829,     2660179,多,平今,5004.0,2,2022-04-08 13:31:25
1225,rb2210,SHFE,0_0_     2182830,     2660184,空,平今,5005.0,1,2022-04-08 13:31:25
1226,rb2210,SHFE,0_0_     2182830,     2660186,空,平今,5005.0,1,2022-04-08 13:31:25
1227,rb2210,SHFE,0_0_     2182831,     2660194,多,平今,5004.0,2,2022-04-08 13:31:25
1228,rb2210,SHFE,0_0_     2182832,     2660203,空,开,5005.0,2,2022-04-08 13:31:25
1229,rb2210,SHFE,0_0_     2182833,     2660218,多,平今,5004.0,2,2022-04-08 13:31:25
1230,rb2210,SHFE,0_0_     2182834,     2660258,空,开,5005.0,1,2022-04-08 13:31:26
1231,rb2210,SHFE,0_0_     2182834,     2660338,空,开,5005.0,1,2022-04-08 13:31:26
1232,rb2210,SHFE,0_0_     2182849,     2660438,多,平今,5004.0,2,2022-04-08 13:31:26
1233,rb2210,SHFE,0_0_     2182891,     2660992,空,开,5004.0,2,2022-04-08 13:31:28
1234,rb2210,SHFE,0_0_     2182895,     2661095,多,平今,5003.0,2,2022-04-08 13:31:28
