,code,exchange,orderid,tradeid,direction,offset,price,volume,datetime
0,rb2210,SHFE,0_0_         297,       30674,多,平昨,5008.0,3,2022-04-08 21:00:18
1,rb2210,SHFE,0_0_         312,       31646,空,平昨,5009.0,3,2022-04-08 21:00:19
2,rb2210,SHFE,0_0_         338,       32745,多,开,5008.0,3,2022-04-08 21:00:20
3,rb2210,SHFE,0_0_         350,       32806,空,开,5009.0,1,2022-04-08 21:00:20
4,rb2210,SHFE,0_0_         350,       32808,空,开,5009.0,1,2022-04-08 21:00:20
5,rb2210,SHFE,0_0_         350,       32842,空,开,5009.0,1,2022-04-08 21:00:20
6,rb2210,SHFE,0_0_         350,       32847,空,开,5009.0,1,2022-04-08 21:00:20
7,rb2210,SHFE,0_0_         350,       32850,空,开,5009.0,1,2022-04-08 21:00:20
8,rb2210,SHFE,0_0_         358,       33909,多,平今,5008.0,5,2022-04-08 21:00:21
9,rb2210,SHFE,0_0_         377,       34077,空,开,5009.0,5,2022-04-08 21:00:21
10,rb2210,SHFE,0_0_         385,       34268,多,平今,5008.0,1,2022-04-08 21:00:22
11,rb2210,SHFE,0_0_         385,       34342,多,平今,5008.0,1,2022-04-08 21:00:22
12,rb2210,SHFE,0_0_         385,       34352,多,平今,5008.0,1,2022-04-08 21:00:22
13,rb2210,SHFE,0_0_         385,       34353,多,平今,5008.0,2,2022-04-08 21:00:22
14,rb2210,SHFE,0_0_         413,       35259,多,开,5008.0,4,2022-04-08 21:00:23
15,rb2210,SHFE,0_0_         424,       40683,空,平今,5009.0,1,2022-04-08 21:00:30
16,rb2210,SHFE,0_0_         424,       40689,空,平今,5009.0,3,2022-04-08 21:00:30
17,rb2210,SHFE,0_0_         545,       45619,多,开,5008.0,4,2022-04-08 21:00:36
18,rb2210,SHFE,0_0_         656,       45782,空,平今,5009.0,1,2022-04-08 21:00:36
19,rb2210,SHFE,0_0_         656,       45793,空,平今,5009.0,1,2022-04-08 21:00:36
20,rb2210,SHFE,0_0_         656,       45799,空,平今,5009.0,2,2022-04-08 21:00:36
21,rb2210,SHFE,0_0_         666,       45897,多,开,5008.0,2,2022-04-08 21:00:37
22,rb2210,SHFE,0_0_         666,       45924,多,开,5008.0,2,2022-04-08 21:00:37
23,rb2210,SHFE,0_0_         677,       47392,空,平今,5008.0,1,2022-04-08 21:00:39
24,rb2210,SHFE,0_0_         707,       47407,多,平昨,5007.0,1,2022-04-08 21:00:39
25,rb2210,SHFE,0_0_         948,       55660,空,平今,5011.0,3,2022-04-08 21:00:55
26,rb2210,SHFE,0_0_         965,       56522,多,开,5011.0,3,2022-04-08 21:00:57
27,rb2210,SHFE,0_0_         990,       56966,空,平今,5012.0,2,2022-04-08 21:00:58
28,rb2210,SHFE,0_0_         933,       61346,多,开,5009.0,2,2022-04-08 21:01:03
29,rb2210,SHFE,0_0_        1093,       61416,空,平今,5010.0,1,2022-04-08 21:01:03
30,rb2210,SHFE,0_0_        1093,       61472,空,平今,5010.0,1,2022-04-08 21:01:04
31,rb2210,SHFE,0_0_        1104,       61948,多,开,5009.0,1,2022-04-08 21:01:04
32,rb2210,SHFE,0_0_        1111,       62136,空,平今,5010.0,1,2022-04-08 21:01:04
33,rb2210,SHFE,0_0_        1112,       62344,多,开,5009.0,1,2022-04-08 21:01:05
34,rb2210,SHFE,0_0_        1260,       66593,空,开,5009.0,4,2022-04-08 21:01:12
35,rb2210,SHFE,0_0_        2059,       78645,多,平今,5007.0,1,2022-04-08 21:01:38
36,rb2210,SHFE,0_0_        2059,       78878,多,平今,5007.0,1,2022-04-08 21:01:38
37,rb2210,SHFE,0_0_        2059,       78890,多,平今,5007.0,1,2022-04-08 21:01:38
38,rb2210,SHFE,0_0_        2059,       78897,多,平今,5007.0,1,2022-04-08 21:01:38
39,rb2210,SHFE,0_0_        2072,       79300,空,开,5008.0,1,2022-04-08 21:01:39
40,rb2210,SHFE,0_0_        2072,       79301,空,开,5008.0,1,2022-04-08 21:01:39
41,rb2210,SHFE,0_0_        2072,       79302,空,开,5008.0,1,2022-04-08 21:01:39
42,rb2210,SHFE,0_0_        2089,       79535,多,平今,5007.0,1,2022-04-08 21:01:40
43,rb2210,SHFE,0_0_        2089,       79801,多,平今,5007.0,2,2022-04-08 21:01:40
44,rb2210,SHFE,0_0_        2120,       79804,空,开,5008.0,2,2022-04-08 21:01:40
45,rb2210,SHFE,0_0_        2121,       81433,多,平今,5007.0,2,2022-04-08 21:01:44
46,rb2210,SHFE,0_0_        2494,       87164,多,开,5008.0,1,2022-04-08 21:01:58
47,rb2210,SHFE,0_0_        2494,       87238,多,开,5008.0,1,2022-04-08 21:01:58
48,rb2210,SHFE,0_0_        2494,       87273,多,开,5008.0,1,2022-04-08 21:01:58
49,rb2210,SHFE,0_0_        2656,       87940,空,平今,5009.0,1,2022-04-08 21:02:00
50,rb2210,SHFE,0_0_        1133,       89176,空,开,5011.0,4,2022-04-08 21:02:02
51,rb2210,SHFE,0_0_        2764,       89223,多,平今,5010.0,1,2022-04-08 21:02:03
52,rb2210,SHFE,0_0_        2764,       89234,多,平今,5010.0,1,2022-04-08 21:02:03
53,rb2210,SHFE,0_0_        2764,       89238,多,平今,5010.0,1,2022-04-08 21:02:03
54,rb2210,SHFE,0_0_        2764,       89239,多,平今,5010.0,1,2022-04-08 21:02:03
55,rb2210,SHFE,0_0_        2774,       90151,空,开,5011.0,4,2022-04-08 21:02:04
56,rb2210,SHFE,0_0_        2825,       90158,多,平今,5010.0,1,2022-04-08 21:02:04
57,rb2210,SHFE,0_0_        2825,       90163,多,平今,5010.0,1,2022-04-08 21:02:04
58,rb2210,SHFE,0_0_        2825,       90168,多,平今,5010.0,2,2022-04-08 21:02:04
59,rb2210,SHFE,0_0_        2835,       90687,空,开,5011.0,1,2022-04-08 21:02:05
60,rb2210,SHFE,0_0_        2835,       92624,空,开,5011.0,1,2022-04-08 21:02:08
61,rb2210,SHFE,0_0_        2835,       92627,空,开,5011.0,2,2022-04-08 21:02:08
62,rb2210,SHFE,0_0_        3067,       93039,多,平今,5009.0,4,2022-04-08 21:02:09
63,rb2210,SHFE,0_0_        3557,       99563,空,平今,5006.0,1,2022-04-08 21:02:21
64,rb2210,SHFE,0_0_        4319,      108184,空,开,5004.0,1,2022-04-08 21:02:42
65,rb2210,SHFE,0_0_        4319,      108188,空,开,5004.0,1,2022-04-08 21:02:42
66,rb2210,SHFE,0_0_        4319,      108244,空,开,5004.0,1,2022-04-08 21:02:42
67,rb2210,SHFE,0_0_        4319,      108245,空,开,5004.0,1,2022-04-08 21:02:42
68,rb2210,SHFE,0_0_        4440,      109157,多,平今,5003.0,1,2022-04-08 21:02:44
69,rb2210,SHFE,0_0_        5085,      112699,空,平今,5002.0,1,2022-04-08 21:02:54
70,rb2210,SHFE,0_0_        5085,      112708,空,平今,5002.0,2,2022-04-08 21:02:54
71,rb2210,SHFE,0_0_        5085,      112804,空,平今,5002.0,3,2022-04-08 21:02:55
72,rb2210,SHFE,0_0_        4713,      113045,多,平今,5001.0,2,2022-04-08 21:02:55
73,rb2210,SHFE,0_0_        5472,      116079,多,开,4999.0,4,2022-04-08 21:03:01
74,rb2210,SHFE,0_0_        5487,      116240,空,开,4998.0,2,2022-04-08 21:03:02
75,rb2210,SHFE,0_0_        5487,      116241,空,开,4998.0,1,2022-04-08 21:03:02
76,rb2210,SHFE,0_0_        5487,      116242,空,开,4998.0,2,2022-04-08 21:03:02
77,rb2210,SHFE,0_0_        5964,      120247,空,平今,4999.0,1,2022-04-08 21:03:10
78,rb2210,SHFE,0_0_        5964,      120248,空,平今,4999.0,1,2022-04-08 21:03:10
79,rb2210,SHFE,0_0_        5964,      120249,空,平今,4999.0,1,2022-04-08 21:03:10
80,rb2210,SHFE,0_0_        5473,      120280,空,平今,5000.0,1,2022-04-08 21:03:10
81,rb2210,SHFE,0_0_        5970,      120334,多,平今,4999.0,1,2022-04-08 21:03:10
82,rb2210,SHFE,0_0_        5994,      120622,多,平今,4998.0,2,2022-04-08 21:03:11
83,rb2210,SHFE,0_0_        6038,      120784,多,开,4998.0,3,2022-04-08 21:03:11
84,rb2210,SHFE,0_0_        6038,      120791,多,开,4998.0,5,2022-04-08 21:03:11
85,rb2210,SHFE,0_0_        6932,      126884,空,平今,4998.0,1,2022-04-08 21:03:26
86,rb2210,SHFE,0_0_        6932,      126889,空,平今,4998.0,1,2022-04-08 21:03:26
87,rb2210,SHFE,0_0_        7282,      128989,空,平今,4999.0,4,2022-04-08 21:03:34
88,rb2210,SHFE,0_0_        7592,      131596,空,开,4999.0,3,2022-04-08 21:03:43
89,rb2210,SHFE,0_0_        7776,      131807,多,平今,4999.0,1,2022-04-08 21:03:43
90,rb2210,SHFE,0_0_        8748,      135447,多,平今,4999.0,4,2022-04-08 21:04:00
91,rb2210,SHFE,0_0_        8786,      137277,空,开,5000.0,4,2022-04-08 21:04:04
92,rb2210,SHFE,0_0_       11513,      147343,多,开,5004.000000000001,2,2022-04-08 21:04:42
93,rb2210,SHFE,0_0_       12234,      152187,空,平今,5006.0,4,2022-04-08 21:04:59
94,rb2210,SHFE,0_0_       15642,      162328,多,平今,5009.0,4,2022-04-08 21:05:20
95,rb2210,SHFE,0_0_       17540,      167672,空,开,5009.0,3,2022-04-08 21:05:35
96,rb2210,SHFE,0_0_       20291,      173634,多,平今,5009.0,3,2022-04-08 21:06:00
97,rb2210,SHFE,0_0_       21971,      177115,空,开,5009.0,7,2022-04-08 21:06:12
98,rb2210,SHFE,0_0_       22825,      179395,多,平今,5008.0,4,2022-04-08 21:06:22
99,rb2210,SHFE,0_0_       23227,      180653,空,开,5008.0,4,2022-04-08 21:06:26
100,rb2210,SHFE,0_0_       23847,      182040,多,平今,5009.0,1,2022-04-08 21:06:31
101,rb2210,SHFE,0_0_       24234,      182599,多,平今,5009.0,2,2022-04-08 21:06:34
102,rb2210,SHFE,0_0_       24498,      182724,多,平今,5009.0,1,2022-04-08 21:06:35
103,rb2210,SHFE,0_0_       24498,      182761,多,平今,5009.0,1,2022-04-08 21:06:35
104,rb2210,SHFE,0_0_       24498,      182763,多,平今,5009.0,1,2022-04-08 21:06:35
105,rb2210,SHFE,0_0_       24498,      182771,多,平今,5009.0,1,2022-04-08 21:06:35
106,rb2210,SHFE,0_0_       25266,      184535,多,开,5010.0,1,2022-04-08 21:06:43
107,rb2210,SHFE,0_0_       25383,      190717,空,平今,5011.0,1,2022-04-08 21:07:02
108,rb2210,SHFE,0_0_       27863,      191373,多,开,5010.0,3,2022-04-08 21:07:04
109,rb2210,SHFE,0_0_       28284,      191942,空,平今,5011.0,1,2022-04-08 21:07:06
110,rb2210,SHFE,0_0_       28321,      192105,多,开,5010.0,1,2022-04-08 21:07:07
111,rb2210,SHFE,0_0_       28565,      193162,多,开,5010.0,1,2022-04-08 21:07:12
112,rb2210,SHFE,0_0_       23629,      196983,多,平今,5007.0,1,2022-04-08 21:07:27
113,rb2210,SHFE,0_0_       30831,      197433,空,平今,5008.0,1,2022-04-08 21:07:28
114,rb2210,SHFE,0_0_       31191,      198348,空,开,5007.0,1,2022-04-08 21:07:32
115,rb2210,SHFE,0_0_       31191,      198350,空,开,5007.0,1,2022-04-08 21:07:32
116,rb2210,SHFE,0_0_       31191,      198352,空,开,5007.0,1,2022-04-08 21:07:32
117,rb2210,SHFE,0_0_       31791,      198854,多,平今,5007.0,2,2022-04-08 21:07:34
118,rb2210,SHFE,0_0_       29068,      207337,空,平今,5011.0,1,2022-04-08 21:08:10
119,rb2210,SHFE,0_0_       29068,      207414,空,平今,5011.0,1,2022-04-08 21:08:11
120,rb2210,SHFE,0_0_       29068,      207415,空,平今,5011.0,1,2022-04-08 21:08:11
121,rb2210,SHFE,0_0_       29410,      207758,空,开,5011.0,1,2022-04-08 21:08:12
122,rb2210,SHFE,0_0_       29410,      207759,空,开,5011.0,1,2022-04-08 21:08:12
123,rb2210,SHFE,0_0_       36362,      207952,多,开,5010.0,3,2022-04-08 21:08:13
124,rb2210,SHFE,0_0_       36776,      208281,多,平今,5010.0,2,2022-04-08 21:08:14
125,rb2210,SHFE,0_0_       36776,      208284,多,平今,5010.0,1,2022-04-08 21:08:14
126,rb2210,SHFE,0_0_       38862,      211221,空,平今,5011.0,3,2022-04-08 21:08:30
127,rb2210,SHFE,0_0_       42290,      216469,空,开,5014.0,4,2022-04-08 21:08:50
128,rb2210,SHFE,0_0_       43086,      217726,空,开,5014.0,1,2022-04-08 21:08:55
129,rb2210,SHFE,0_0_       43086,      217728,空,开,5014.0,1,2022-04-08 21:08:55
130,rb2210,SHFE,0_0_       43086,      217729,空,开,5014.0,1,2022-04-08 21:08:55
131,rb2210,SHFE,0_0_       43536,      219974,多,平今,5013.0,7,2022-04-08 21:09:03
132,rb2210,SHFE,0_0_       44483,      220060,空,开,5014.0,2,2022-04-08 21:09:03
133,rb2210,SHFE,0_0_       44483,      220067,空,开,5014.0,1,2022-04-08 21:09:03
134,rb2210,SHFE,0_0_       44483,      220069,空,开,5014.0,1,2022-04-08 21:09:03
135,rb2210,SHFE,0_0_       44483,      220071,空,开,5014.0,1,2022-04-08 21:09:03
136,rb2210,SHFE,0_0_       44483,      220072,空,开,5014.0,1,2022-04-08 21:09:03
137,rb2210,SHFE,0_0_       44483,      220073,空,开,5014.0,1,2022-04-08 21:09:03
138,rb2210,SHFE,0_0_       46022,      222299,多,平今,5017.0,2,2022-04-08 21:09:10
139,rb2210,SHFE,0_0_       47901,      235919,多,开,5020.0,8,2022-04-08 21:09:45
140,rb2210,SHFE,0_0_       53478,      236417,空,平今,5022.0,4,2022-04-08 21:09:47
141,rb2210,SHFE,0_0_       53707,      236818,多,平今,5021.0,4,2022-04-08 21:09:48
142,rb2210,SHFE,0_0_       53971,      236832,空,平今,5022.0,1,2022-04-08 21:09:48
143,rb2210,SHFE,0_0_       53971,      236836,空,平今,5022.0,1,2022-04-08 21:09:48
144,rb2210,SHFE,0_0_       53971,      236838,空,平今,5022.0,2,2022-04-08 21:09:48
145,rb2210,SHFE,0_0_       58011,      242388,多,开,5027.0,1,2022-04-08 21:10:09
146,rb2210,SHFE,0_0_       58011,      242389,多,开,5027.0,3,2022-04-08 21:10:09
147,rb2210,SHFE,0_0_       60546,      246845,空,平今,5026.0,2,2022-04-08 21:10:23
148,rb2210,SHFE,0_0_       60546,      246862,空,平今,5026.0,1,2022-04-08 21:10:23
149,rb2210,SHFE,0_0_       60546,      246864,空,平今,5026.0,1,2022-04-08 21:10:23
150,rb2210,SHFE,0_0_       61245,      247368,多,开,5026.0,1,2022-04-08 21:10:25
151,rb2210,SHFE,0_0_       61245,      247369,多,开,5026.0,1,2022-04-08 21:10:25
152,rb2210,SHFE,0_0_       61473,      248084,空,平今,5026.0,2,2022-04-08 21:10:27
153,rb2210,SHFE,0_0_       61860,      248091,多,开,5025.0,2,2022-04-08 21:10:28
154,rb2210,SHFE,0_0_       61861,      248282,空,平今,5026.000000000001,2,2022-04-08 21:10:28
155,rb2210,SHFE,0_0_       65266,      254593,多,开,5029.0,1,2022-04-08 21:10:51
156,rb2210,SHFE,0_0_       65266,      254607,多,开,5029.0,1,2022-04-08 21:10:51
157,rb2210,SHFE,0_0_       66928,      254937,空,开,5030.0,4,2022-04-08 21:10:52
158,rb2210,SHFE,0_0_       67014,      255478,多,平今,5030.0,1,2022-04-08 21:10:54
159,rb2210,SHFE,0_0_       68786,      257648,空,平今,5029.0,1,2022-04-08 21:11:03
160,rb2210,SHFE,0_0_       68786,      257649,空,平今,5029.0,1,2022-04-08 21:11:03
161,rb2210,SHFE,0_0_       69537,      258845,空,开,5027.0,4,2022-04-08 21:11:09
162,rb2210,SHFE,0_0_       74577,      265190,多,平今,5029.0,2,2022-04-08 21:11:35
163,rb2210,SHFE,0_0_       75576,      266149,多,平今,5029.0,2,2022-04-08 21:11:38
164,rb2210,SHFE,0_0_       75576,      266155,多,平今,5029.0,1,2022-04-08 21:11:38
165,rb2210,SHFE,0_0_       75576,      266251,多,平今,5029.0,1,2022-04-08 21:11:38
166,rb2210,SHFE,0_0_       76562,      267089,多,开,5029.0,3,2022-04-08 21:11:43
167,rb2210,SHFE,0_0_       76738,      267144,空,平今,5030.000000000001,2,2022-04-08 21:11:44
168,rb2210,SHFE,0_0_       76870,      267338,空,平今,5030.0,1,2022-04-08 21:11:45
169,rb2210,SHFE,0_0_       77024,      267463,多,平今,5029.0,2,2022-04-08 21:11:46
170,rb2210,SHFE,0_0_       77071,      267729,空,开,5030.000000000001,2,2022-04-08 21:11:49
171,rb2210,SHFE,0_0_       77414,      267775,多,平今,5029.0,2,2022-04-08 21:11:49
172,rb2210,SHFE,0_0_       81711,      273773,多,开,5034.0,1,2022-04-08 21:12:09
173,rb2210,SHFE,0_0_       82173,      274393,空,开,5035.000000000001,3,2022-04-08 21:12:11
174,rb2210,SHFE,0_0_       82670,      274946,空,开,5035.000000000001,3,2022-04-08 21:12:14
175,rb2210,SHFE,0_0_       83399,      275639,多,平今,5034.0,4,2022-04-08 21:12:17
176,rb2210,SHFE,0_0_       83858,      276306,空,开,5035.0,4,2022-04-08 21:12:20
177,rb2210,SHFE,0_0_       84654,      277652,空,开,5034.0,2,2022-04-08 21:12:24
178,rb2210,SHFE,0_0_       84721,      277734,多,平今,5033.0,2,2022-04-08 21:12:25
179,rb2210,SHFE,0_0_       79652,      285931,多,开,5031.0,1,2022-04-08 21:13:03
180,rb2210,SHFE,0_0_       79652,      286094,多,开,5031.0,2,2022-04-08 21:13:04
181,rb2210,SHFE,0_0_       79652,      286095,多,开,5031.0,1,2022-04-08 21:13:04
182,rb2210,SHFE,0_0_       92827,      286129,空,平今,5032.0,3,2022-04-08 21:13:04
183,rb2210,SHFE,0_0_       95953,      290488,多,平今,5031.0,3,2022-04-08 21:13:22
184,rb2210,SHFE,0_0_       96326,      290498,空,开,5032.0,1,2022-04-08 21:13:22
185,rb2210,SHFE,0_0_       96326,      290501,空,开,5032.0,2,2022-04-08 21:13:22
186,rb2210,SHFE,0_0_       96332,      290675,多,平今,5031.0,3,2022-04-08 21:13:23
187,rb2210,SHFE,0_0_       96505,      290747,空,开,5032.0,1,2022-04-08 21:13:23
188,rb2210,SHFE,0_0_       96505,      290754,空,开,5032.0,1,2022-04-08 21:13:23
189,rb2210,SHFE,0_0_       96505,      290755,空,开,5032.0,2,2022-04-08 21:13:23
190,rb2210,SHFE,0_0_       96740,      290964,空,平今,5031.0,2,2022-04-08 21:13:25
191,rb2210,SHFE,0_0_      102584,      297646,多,平今,5034.0,1,2022-04-08 21:14:03
192,rb2210,SHFE,0_0_      102584,      297684,多,平今,5034.0,2,2022-04-08 21:14:03
193,rb2210,SHFE,0_0_      103608,      298566,空,开,5034.0,4,2022-04-08 21:14:08
194,rb2210,SHFE,0_0_      103843,      298826,多,平今,5033.0,4,2022-04-08 21:14:10
195,rb2210,SHFE,0_0_      103965,      298874,空,开,5034.0,4,2022-04-08 21:14:10
196,rb2210,SHFE,0_0_      104017,      298937,多,平今,5033.0,1,2022-04-08 21:14:11
197,rb2210,SHFE,0_0_      104017,      298940,多,平今,5033.0,1,2022-04-08 21:14:11
198,rb2210,SHFE,0_0_      104017,      298942,多,平今,5033.0,1,2022-04-08 21:14:11
199,rb2210,SHFE,0_0_      104017,      298943,多,平今,5033.0,1,2022-04-08 21:14:11
200,rb2210,SHFE,0_0_      108207,      303876,多,平今,5035.0,1,2022-04-08 21:14:39
201,rb2210,SHFE,0_0_      108207,      303884,多,平今,5035.0,1,2022-04-08 21:14:39
202,rb2210,SHFE,0_0_      109209,      307055,多,开,5035.0,4,2022-04-08 21:14:52
203,rb2210,SHFE,0_0_      110926,      307638,空,平今,5036.0,1,2022-04-08 21:14:56
204,rb2210,SHFE,0_0_      111104,      308043,空,开,5036.0,1,2022-04-08 21:14:58
205,rb2210,SHFE,0_0_      111104,      308044,空,开,5036.0,1,2022-04-08 21:14:58
206,rb2210,SHFE,0_0_      111104,      308045,空,开,5036.0,2,2022-04-08 21:14:58
207,rb2210,SHFE,0_0_      111152,      308060,多,平今,5035.0,4,2022-04-08 21:14:58
208,rb2210,SHFE,0_0_      111187,      309200,空,开,5036.0,1,2022-04-08 21:15:00
209,rb2210,SHFE,0_0_      111187,      309240,空,开,5036.0,1,2022-04-08 21:15:00
210,rb2210,SHFE,0_0_      111187,      309249,空,开,5036.0,2,2022-04-08 21:15:00
211,rb2210,SHFE,0_0_      106845,      312475,多,开,5033.0,1,2022-04-08 21:15:05
212,rb2210,SHFE,0_0_      106845,      312647,多,开,5033.0,3,2022-04-08 21:15:06
213,rb2210,SHFE,0_0_      115893,      316826,空,开,5028.0,2,2022-04-08 21:15:17
214,rb2210,SHFE,0_0_      124633,      327665,多,平今,5027.0,1,2022-04-08 21:15:56
215,rb2210,SHFE,0_0_      126168,      330743,多,平今,5028.0,1,2022-04-08 21:16:07
216,rb2210,SHFE,0_0_      127043,      335880,空,平今,5029.0,1,2022-04-08 21:16:32
217,rb2210,SHFE,0_0_      135090,      339193,多,平今,5024.0,2,2022-04-08 21:16:51
218,rb2210,SHFE,0_0_      135149,      339201,多,平今,5024.0,2,2022-04-08 21:16:51
219,rb2210,SHFE,0_0_      135212,      339789,空,平今,5025.0,1,2022-04-08 21:16:54
220,rb2210,SHFE,0_0_      135775,      339916,多,平今,5024.0,1,2022-04-08 21:16:55
221,rb2210,SHFE,0_0_      135847,      340099,空,平今,5025.0,2,2022-04-08 21:16:57
222,rb2210,SHFE,0_0_      136044,      341731,多,开,5024.0,3,2022-04-08 21:17:03
223,rb2210,SHFE,0_0_      137299,      342089,空,平今,5024.0,1,2022-04-08 21:17:05
224,rb2210,SHFE,0_0_      144804,      354506,空,平今,5024.0,3,2022-04-08 21:18:03
225,rb2210,SHFE,0_0_      144804,      354511,空,平今,5024.0,1,2022-04-08 21:18:03
226,rb2210,SHFE,0_0_      152427,      358992,多,开,5025.0,3,2022-04-08 21:18:28
227,rb2210,SHFE,0_0_      155488,      362233,空,开,5024.0,1,2022-04-08 21:18:45
228,rb2210,SHFE,0_0_      155488,      362234,空,开,5024.0,2,2022-04-08 21:18:45
229,rb2210,SHFE,0_0_      155488,      362235,空,开,5024.0,1,2022-04-08 21:18:45
230,rb2210,SHFE,0_0_      155488,      362236,空,开,5024.0,1,2022-04-08 21:18:45
231,rb2210,SHFE,0_0_      155488,      362263,空,开,5024.0,1,2022-04-08 21:18:45
232,rb2210,SHFE,0_0_      155488,      362272,空,开,5024.0,1,2022-04-08 21:18:45
233,rb2210,SHFE,0_0_      161400,      371098,多,平今,5020.0,1,2022-04-08 21:19:21
234,rb2210,SHFE,0_0_      161400,      371100,多,平今,5020.0,2,2022-04-08 21:19:21
235,rb2210,SHFE,0_0_      163284,      373761,空,平今,5021.0,4,2022-04-08 21:19:35
236,rb2210,SHFE,0_0_      164721,      375351,空,开,5020.0,2,2022-04-08 21:19:43
237,rb2210,SHFE,0_0_      168582,      380378,多,平今,5021.0,3,2022-04-08 21:20:04
238,rb2210,SHFE,0_0_      187090,      402815,多,开,5017.0,3,2022-04-08 21:21:53
239,rb2210,SHFE,0_0_      187090,      402816,多,开,5017.0,2,2022-04-08 21:21:53
240,rb2210,SHFE,0_0_      187090,      402822,多,开,5017.0,1,2022-04-08 21:21:53
241,rb2210,SHFE,0_0_      187090,      402824,多,开,5017.0,2,2022-04-08 21:21:53
242,rb2210,SHFE,0_0_      185223,      409449,空,开,5019.0,1,2022-04-08 21:22:27
243,rb2210,SHFE,0_0_      192576,      409829,多,平今,5017.0,3,2022-04-08 21:22:30
244,rb2210,SHFE,0_0_      192576,      409896,多,平今,5017.0,1,2022-04-08 21:22:30
245,rb2210,SHFE,0_0_      193492,      410108,空,平今,5018.0,1,2022-04-08 21:22:31
246,rb2210,SHFE,0_0_      193492,      410197,空,平今,5018.0,4,2022-04-08 21:22:32
247,rb2210,SHFE,0_0_      194180,      410542,空,平今,5017.0,2,2022-04-08 21:22:36
248,rb2210,SHFE,0_0_      195323,      412694,多,开,5017.0,1,2022-04-08 21:22:49
249,rb2210,SHFE,0_0_      195323,      412696,多,开,5017.0,3,2022-04-08 21:22:49
250,rb2210,SHFE,0_0_      203268,      421835,空,平今,5022.0,1,2022-04-08 21:23:39
251,rb2210,SHFE,0_0_      203592,      421963,多,平今,5021.0,1,2022-04-08 21:23:39
252,rb2210,SHFE,0_0_      203625,      422402,空,平今,5022.0,1,2022-04-08 21:23:44
253,rb2210,SHFE,0_0_      204076,      422470,多,开,5021.0,1,2022-04-08 21:23:44
254,rb2210,SHFE,0_0_      204141,      422980,空,平今,5022.000000000001,1,2022-04-08 21:23:49
255,rb2210,SHFE,0_0_      196298,      427993,多,开,5017.0,1,2022-04-08 21:24:17
256,rb2210,SHFE,0_0_      196298,      427999,多,开,5017.0,1,2022-04-08 21:24:17
257,rb2210,SHFE,0_0_      209362,      428059,空,平今,5017.0,1,2022-04-08 21:24:17
258,rb2210,SHFE,0_0_      209362,      428060,空,平今,5017.0,1,2022-04-08 21:24:17
259,rb2210,SHFE,0_0_      214155,      435216,多,开,5011.0,4,2022-04-08 21:24:49
260,rb2210,SHFE,0_0_      214378,      435436,空,平今,5012.000000000001,4,2022-04-08 21:24:50
261,rb2210,SHFE,0_0_      214551,      435575,多,开,5011.0,1,2022-04-08 21:24:51
262,rb2210,SHFE,0_0_      214551,      435579,多,开,5011.0,1,2022-04-08 21:24:51
263,rb2210,SHFE,0_0_      214551,      435647,多,开,5011.0,1,2022-04-08 21:24:51
264,rb2210,SHFE,0_0_      214551,      435655,多,开,5011.0,1,2022-04-08 21:24:51
265,rb2210,SHFE,0_0_      226103,      452295,空,平今,5004.0,4,2022-04-08 21:25:53
266,rb2210,SHFE,0_0_      227565,      454046,多,开,5004.0,2,2022-04-08 21:26:00
267,rb2210,SHFE,0_0_      230254,      459019,空,平今,5006.0,4,2022-04-08 21:26:26
268,rb2210,SHFE,0_0_      230787,      459069,多,开,5005.0,1,2022-04-08 21:26:26
269,rb2210,SHFE,0_0_      230787,      459070,多,开,5005.0,1,2022-04-08 21:26:26
270,rb2210,SHFE,0_0_      232096,      460161,多,开,5007.0,1,2022-04-08 21:26:35
271,rb2210,SHFE,0_0_      238431,      467819,空,开,5003.0,4,2022-04-08 21:27:16
272,rb2210,SHFE,0_0_      238874,      468613,多,平今,5002.0,2,2022-04-08 21:27:21
273,rb2210,SHFE,0_0_      239168,      468903,空,开,5003.0,4,2022-04-08 21:27:22
274,rb2210,SHFE,0_0_      239245,      469221,多,平今,5002.0,4,2022-04-08 21:27:23
275,rb2210,SHFE,0_0_      239475,      471968,空,开,5003.0,1,2022-04-08 21:27:37
276,rb2210,SHFE,0_0_      239475,      471969,空,开,5003.0,1,2022-04-08 21:27:37
277,rb2210,SHFE,0_0_      241248,      471985,多,平今,5002.0,2,2022-04-08 21:27:37
278,rb2210,SHFE,0_0_      239475,      472009,空,开,5003.0,1,2022-04-08 21:27:37
279,rb2210,SHFE,0_0_      239475,      472324,空,开,5003.0,1,2022-04-08 21:27:40
280,rb2210,SHFE,0_0_      241610,      472450,多,平今,5002.0,1,2022-04-08 21:27:40
281,rb2210,SHFE,0_0_      234241,      478907,空,平今,5008.0,2,2022-04-08 21:28:15
282,rb2210,SHFE,0_0_      250690,      482777,多,开,5009.0,2,2022-04-08 21:28:40
283,rb2210,SHFE,0_0_      251408,      483576,空,平今,5009.0,1,2022-04-08 21:28:49
284,rb2210,SHFE,0_0_      251408,      483579,空,平今,5009.0,1,2022-04-08 21:28:49
285,rb2210,SHFE,0_0_      251408,      483581,空,平今,5009.0,1,2022-04-08 21:28:49
286,rb2210,SHFE,0_0_      251408,      483584,空,平今,5009.0,1,2022-04-08 21:28:49
287,rb2210,SHFE,0_0_      246967,      484585,多,开,5007.0,1,2022-04-08 21:28:59
288,rb2210,SHFE,0_0_      246967,      484740,多,开,5007.0,1,2022-04-08 21:29:00
289,rb2210,SHFE,0_0_      262967,      496479,多,开,5006.0,1,2022-04-08 21:30:07
290,rb2210,SHFE,0_0_      262967,      496563,多,开,5006.0,3,2022-04-08 21:30:07
291,rb2210,SHFE,0_0_      241756,      518025,多,平今,5003.0,3,2022-04-08 21:32:03
292,rb2210,SHFE,0_0_      241925,      518027,多,开,5003.0,2,2022-04-08 21:32:03
293,rb2210,SHFE,0_0_      289726,      527194,空,开,5002.0,8,2022-04-08 21:33:07
294,rb2210,SHFE,0_0_      293576,      532382,空,平今,4999.0,8,2022-04-08 21:33:28
295,rb2210,SHFE,0_0_      293664,      532757,多,平今,4998.0,4,2022-04-08 21:33:30
296,rb2210,SHFE,0_0_      293913,      535202,空,开,4999.0,4,2022-04-08 21:33:42
297,rb2210,SHFE,0_0_      295776,      536275,多,平今,4998.0,4,2022-04-08 21:33:45
298,rb2210,SHFE,0_0_      297326,      538124,多,平今,4997.0,1,2022-04-08 21:33:54
299,rb2210,SHFE,0_0_      297583,      538207,空,开,4998.0,1,2022-04-08 21:33:55
300,rb2210,SHFE,0_0_      297641,      538874,多,平今,4997.0,1,2022-04-08 21:33:57
301,rb2210,SHFE,0_0_      298195,      538893,空,开,4998.0,1,2022-04-08 21:33:57
302,rb2210,SHFE,0_0_      298223,      541170,多,平今,4997.0,1,2022-04-08 21:34:09
303,rb2210,SHFE,0_0_      300568,      541733,多,平今,4997.0,2,2022-04-08 21:34:12
304,rb2210,SHFE,0_0_      300727,      541824,多,开,4997.000000000001,4,2022-04-08 21:34:12
305,rb2210,SHFE,0_0_      300931,      543839,空,开,4998.0,7,2022-04-08 21:34:22
306,rb2210,SHFE,0_0_      302247,      544104,多,平今,4997.0,7,2022-04-08 21:34:23
307,rb2210,SHFE,0_0_      302464,      544179,空,开,4998.0,7,2022-04-08 21:34:24
308,rb2210,SHFE,0_0_      309818,      553439,多,平今,5003.0,1,2022-04-08 21:35:11
309,rb2210,SHFE,0_0_      312656,      557543,空,平今,5003.0,3,2022-04-08 21:35:28
310,rb2210,SHFE,0_0_      320081,      564873,多,开,5005.0,4,2022-04-08 21:36:18
311,rb2210,SHFE,0_0_      320081,      564907,多,开,5005.0,1,2022-04-08 21:36:18
312,rb2210,SHFE,0_0_      320968,      565711,空,平今,5005.0,2,2022-04-08 21:36:25
313,rb2210,SHFE,0_0_      302465,      568626,多,平今,4997.0,7,2022-04-08 21:36:44
314,rb2210,SHFE,0_0_      323732,      568743,空,开,4998.0,7,2022-04-08 21:36:44
315,rb2210,SHFE,0_0_      324152,      571490,空,平今,4996.0,4,2022-04-08 21:36:53
316,rb2210,SHFE,0_0_      325111,      571928,多,平今,4995.0,4,2022-04-08 21:36:56
317,rb2210,SHFE,0_0_      326261,      581065,多,平今,4997.0,1,2022-04-08 21:38:03
318,rb2210,SHFE,0_0_      338448,      587010,多,开,5002.0,8,2022-04-08 21:38:42
319,rb2210,SHFE,0_0_      337709,      593782,多,平今,5000.0,1,2022-04-08 21:39:23
320,rb2210,SHFE,0_0_      343287,      596648,空,平今,5002.0,4,2022-04-08 21:39:46
321,rb2210,SHFE,0_0_      350614,      605754,空,开,4999.0,2,2022-04-08 21:40:38
322,rb2210,SHFE,0_0_      350614,      605819,空,开,4999.0,1,2022-04-08 21:40:38
323,rb2210,SHFE,0_0_      350614,      606443,空,开,4999.0,1,2022-04-08 21:40:42
324,rb2210,SHFE,0_0_      350614,      606445,空,开,4999.0,1,2022-04-08 21:40:42
325,rb2210,SHFE,0_0_      350614,      606788,空,开,4999.0,1,2022-04-08 21:40:43
326,rb2210,SHFE,0_0_      350614,      606795,空,开,4999.0,1,2022-04-08 21:40:43
327,rb2210,SHFE,0_0_      355856,      607745,多,平今,4998.000000000001,2,2022-04-08 21:40:51
328,rb2210,SHFE,0_0_      357216,      608362,多,平今,4999.0,4,2022-04-08 21:40:55
329,rb2210,SHFE,0_0_      366628,      619301,空,平今,5002.0,1,2022-04-08 21:41:59
330,rb2210,SHFE,0_0_      379783,      634957,空,平今,5003.0,3,2022-04-08 21:43:12
331,rb2210,SHFE,0_0_      380655,      635950,空,开,5003.0,1,2022-04-08 21:43:19
332,rb2210,SHFE,0_0_      380856,      636074,多,平今,5002.0,1,2022-04-08 21:43:19
333,rb2210,SHFE,0_0_      390908,      645889,空,开,5006.0,2,2022-04-08 21:44:41
334,rb2210,SHFE,0_0_      390908,      645890,空,开,5006.0,1,2022-04-08 21:44:41
335,rb2210,SHFE,0_0_      390908,      645904,空,开,5006.0,2,2022-04-08 21:44:42
336,rb2210,SHFE,0_0_      408564,      664975,多,平今,5004.0,1,2022-04-08 21:46:47
337,rb2210,SHFE,0_0_      359701,      669883,多,开,4999.0,3,2022-04-08 21:47:22
338,rb2210,SHFE,0_0_      413900,      670381,空,开,4999.0,1,2022-04-08 21:47:26
339,rb2210,SHFE,0_0_      413774,      670589,空,平今,5000.0,3,2022-04-08 21:47:30
340,rb2210,SHFE,0_0_      414500,      671498,多,平今,4999.0,3,2022-04-08 21:47:42
341,rb2210,SHFE,0_0_      427420,      685053,空,开,5004.0,1,2022-04-08 21:49:59
342,rb2210,SHFE,0_0_      437267,      691432,多,平今,5001.0,1,2022-04-08 21:50:37
343,rb2210,SHFE,0_0_      437478,      691750,多,平今,5001.0,1,2022-04-08 21:50:39
344,rb2210,SHFE,0_0_      434570,      695831,空,开,5003.0,1,2022-04-08 21:51:14
345,rb2210,SHFE,0_0_      440597,      695894,多,平今,5002.0,1,2022-04-08 21:51:15
346,rb2210,SHFE,0_0_      443559,      700510,多,平今,4999.0,1,2022-04-08 21:52:01
347,rb2210,SHFE,0_0_      443848,      704448,多,平今,4999.0,1,2022-04-08 21:52:51
348,rb2210,SHFE,0_0_      451256,      710677,多,平今,4996.0,1,2022-04-08 21:53:56
349,rb2210,SHFE,0_0_      453211,      715223,多,开,4991.0,8,2022-04-08 21:54:06
350,rb2210,SHFE,0_0_      452251,      717329,空,开,4995.0,1,2022-04-08 21:54:14
351,rb2210,SHFE,0_0_      452251,      717342,空,开,4995.0,3,2022-04-08 21:54:14
352,rb2210,SHFE,0_0_      454404,      717411,多,平今,4994.0,4,2022-04-08 21:54:15
353,rb2210,SHFE,0_0_      454466,      718602,空,平今,4995.0,2,2022-04-08 21:54:23
354,rb2210,SHFE,0_0_      454466,      718605,空,平今,4995.0,1,2022-04-08 21:54:23
355,rb2210,SHFE,0_0_      454466,      718606,空,平今,4995.0,1,2022-04-08 21:54:23
356,rb2210,SHFE,0_0_      456180,      719897,空,开,4996.0,7,2022-04-08 21:54:33
357,rb2210,SHFE,0_0_      455313,      720727,多,开,4994.0,4,2022-04-08 21:54:39
358,rb2210,SHFE,0_0_      456899,      720908,空,平今,4995.0,2,2022-04-08 21:54:41
359,rb2210,SHFE,0_0_      446870,      742424,空,开,5000.0,1,2022-04-08 21:57:30
360,rb2210,SHFE,0_0_      473655,      743563,多,平今,4999.0,1,2022-04-08 21:57:35
361,rb2210,SHFE,0_0_      475522,      744629,空,平今,5000.0,1,2022-04-08 21:57:45
362,rb2210,SHFE,0_0_      496464,      768813,空,平今,5004.0,4,2022-04-08 22:00:33
363,rb2210,SHFE,0_0_      497565,      770900,多,开,5003.0,3,2022-04-08 22:00:43
364,rb2210,SHFE,0_0_      497565,      770956,多,开,5003.0,1,2022-04-08 22:00:43
365,rb2210,SHFE,0_0_      499367,      770960,空,平今,5004.0,1,2022-04-08 22:00:43
366,rb2210,SHFE,0_0_      502681,      776373,多,开,5004.000000000001,1,2022-04-08 22:01:07
367,rb2210,SHFE,0_0_      506061,      778959,空,平今,5005.0,1,2022-04-08 22:01:20
368,rb2210,SHFE,0_0_      506061,      778961,空,平今,5005.0,1,2022-04-08 22:01:20
369,rb2210,SHFE,0_0_      506061,      778962,空,平今,5005.0,2,2022-04-08 22:01:20
370,rb2210,SHFE,0_0_      506338,      779417,空,平今,5005.0,1,2022-04-08 22:01:23
371,rb2210,SHFE,0_0_      506650,      779762,空,开,5005.0,1,2022-04-08 22:01:24
372,rb2210,SHFE,0_0_      513402,      788512,多,开,5004.0,3,2022-04-08 22:02:17
373,rb2210,SHFE,0_0_      517324,      796085,多,开,5004.0,5,2022-04-08 22:03:14
374,rb2210,SHFE,0_0_      524781,      798207,空,平今,5005.0,1,2022-04-08 22:03:28
375,rb2210,SHFE,0_0_      527971,      801091,空,平今,5006.0,1,2022-04-08 22:04:02
376,rb2210,SHFE,0_0_      529417,      802059,空,平今,5005.0,3,2022-04-08 22:04:13
377,rb2210,SHFE,0_0_      530117,      811177,多,开,5004.0,3,2022-04-08 22:05:54
378,rb2210,SHFE,0_0_      542181,      811562,空,平今,5005.000000000001,3,2022-04-08 22:05:59
379,rb2210,SHFE,0_0_      593436,      872891,多,平今,5011.0,2,2022-04-08 22:12:46
380,rb2210,SHFE,0_0_      593893,      873662,空,平今,5012.0,2,2022-04-08 22:12:53
381,rb2210,SHFE,0_0_      594627,      874446,多,平今,5011.0,2,2022-04-08 22:13:00
382,rb2210,SHFE,0_0_      598361,      877623,多,开,5014.0,4,2022-04-08 22:13:23
383,rb2210,SHFE,0_0_      596052,      904517,多,平今,5011.0,1,2022-04-08 22:16:46
384,rb2210,SHFE,0_0_      638134,      925334,多,平今,5000.0,1,2022-04-08 22:19:30
385,rb2210,SHFE,0_0_      646201,      925397,空,平今,5001.0,1,2022-04-08 22:19:31
386,rb2210,SHFE,0_0_      647358,      926759,多,开,5001.0,3,2022-04-08 22:19:43
387,rb2210,SHFE,0_0_      647508,      927131,多,平今,5001.0,1,2022-04-08 22:19:48
388,rb2210,SHFE,0_0_      665487,      940896,多,平今,5005.0,1,2022-04-08 22:22:12
389,rb2210,SHFE,0_0_      627979,      942470,空,平今,5007.0,4,2022-04-08 22:22:29
390,rb2210,SHFE,0_0_      667014,      942559,多,开,5006.0,4,2022-04-08 22:22:29
391,rb2210,SHFE,0_0_      669057,      945128,空,开,5003.0,4,2022-04-08 22:22:57
392,rb2210,SHFE,0_0_      669994,      946942,多,平今,5002.0,4,2022-04-08 22:23:19
393,rb2210,SHFE,0_0_      673029,      947413,空,平今,5001.0,3,2022-04-08 22:23:24
394,rb2210,SHFE,0_0_      672528,      968325,空,开,5003.0,4,2022-04-08 22:25:07
395,rb2210,SHFE,0_0_      685115,      969335,多,平今,5003.0,4,2022-04-08 22:25:12
396,rb2210,SHFE,0_0_      685243,      969339,多,开,5003.0,1,2022-04-08 22:25:12
397,rb2210,SHFE,0_0_      691665,      975869,空,开,5003.0,2,2022-04-08 22:26:18
398,rb2210,SHFE,0_0_      692268,      976697,多,平今,5002.0,2,2022-04-08 22:26:25
399,rb2210,SHFE,0_0_      694169,      984429,空,开,5003.0,4,2022-04-08 22:27:53
400,rb2210,SHFE,0_0_      700168,      985621,多,平今,5003.0,2,2022-04-08 22:28:02
401,rb2210,SHFE,0_0_      700204,      985941,空,开,5004.0,1,2022-04-08 22:28:04
402,rb2210,SHFE,0_0_      700204,      985960,空,开,5004.0,1,2022-04-08 22:28:04
403,rb2210,SHFE,0_0_      700453,      992706,多,平今,5003.0,2,2022-04-08 22:29:05
404,rb2210,SHFE,0_0_      706736,      993416,空,开,5004.0,1,2022-04-08 22:29:09
405,rb2210,SHFE,0_0_      706736,      993569,空,开,5004.0,1,2022-04-08 22:29:10
406,rb2210,SHFE,0_0_      715253,     1015048,空,开,5004.0,3,2022-04-08 22:31:49
407,rb2210,SHFE,0_0_      729378,     1016173,多,平今,5004.0,4,2022-04-08 22:32:01
408,rb2210,SHFE,0_0_      674225,     1026070,多,开,4997.0,1,2022-04-08 22:33:13
409,rb2210,SHFE,0_0_      674225,     1026073,多,开,4997.0,1,2022-04-08 22:33:13
410,rb2210,SHFE,0_0_      674225,     1026074,多,开,4997.0,1,2022-04-08 22:33:13
411,rb2210,SHFE,0_0_      739369,     1027310,空,平今,4998.0,4,2022-04-08 22:33:22
412,rb2210,SHFE,0_0_      740626,     1027801,多,平今,4998.0,1,2022-04-08 22:33:26
413,rb2210,SHFE,0_0_      740626,     1027876,多,平今,4998.0,1,2022-04-08 22:33:26
414,rb2210,SHFE,0_0_      750626,     1037388,空,平今,4997.0,1,2022-04-08 22:34:50
415,rb2210,SHFE,0_0_      750714,     1037574,多,平今,4996.0,1,2022-04-08 22:34:51
416,rb2210,SHFE,0_0_      750819,     1040254,空,平今,4997.0,1,2022-04-08 22:35:06
417,rb2210,SHFE,0_0_      750819,     1040334,空,平今,4997.0,1,2022-04-08 22:35:07
418,rb2210,SHFE,0_0_      764465,     1050333,空,平今,4995.0,1,2022-04-08 22:36:37
419,rb2210,SHFE,0_0_      765930,     1053612,空,开,4993.0,2,2022-04-08 22:36:56
420,rb2210,SHFE,0_0_      767382,     1053634,多,平今,4992.000000000001,2,2022-04-08 22:36:57
421,rb2210,SHFE,0_0_      772497,     1059692,多,开,4992.0,3,2022-04-08 22:37:49
422,rb2210,SHFE,0_0_      775590,     1062279,空,开,4996.0,1,2022-04-08 22:38:18
423,rb2210,SHFE,0_0_      775590,     1062321,空,开,4996.0,3,2022-04-08 22:38:18
424,rb2210,SHFE,0_0_      775788,     1062610,多,平今,4995.0,2,2022-04-08 22:38:21
425,rb2210,SHFE,0_0_      775934,     1062683,空,开,4996.0,5,2022-04-08 22:38:22
426,rb2210,SHFE,0_0_      776000,     1063114,多,平今,4995.0,2,2022-04-08 22:38:30
427,rb2210,SHFE,0_0_      776000,     1063145,多,平今,4995.0,1,2022-04-08 22:38:30
428,rb2210,SHFE,0_0_      776000,     1063223,多,平今,4995.0,2,2022-04-08 22:38:31
429,rb2210,SHFE,0_0_      776828,     1063260,空,平今,4996.0,1,2022-04-08 22:38:32
430,rb2210,SHFE,0_0_      776828,     1063262,空,平今,4996.0,1,2022-04-08 22:38:32
431,rb2210,SHFE,0_0_      786313,     1071862,空,平今,4991.0,1,2022-04-08 22:40:04
432,rb2210,SHFE,0_0_      791329,     1080101,多,平今,4988.0,1,2022-04-08 22:40:52
433,rb2210,SHFE,0_0_      791831,     1080751,多,平今,4989.0,1,2022-04-08 22:40:58
434,rb2210,SHFE,0_0_      791969,     1081314,多,开,4990.0,4,2022-04-08 22:41:00
435,rb2210,SHFE,0_0_      786392,     1081515,空,开,4991.0,1,2022-04-08 22:41:02
436,rb2210,SHFE,0_0_      786392,     1081538,空,开,4991.0,1,2022-04-08 22:41:02
437,rb2210,SHFE,0_0_      786392,     1081539,空,开,4991.0,2,2022-04-08 22:41:02
438,rb2210,SHFE,0_0_      797938,     1087445,空,平今,4984.000000000001,1,2022-04-08 22:41:57
439,rb2210,SHFE,0_0_      807214,     1100660,多,平今,4977.0,4,2022-04-08 22:44:03
440,rb2210,SHFE,0_0_      810889,     1105806,空,开,4977.0,3,2022-04-08 22:44:20
441,rb2210,SHFE,0_0_      811278,     1106676,空,开,4978.0,3,2022-04-08 22:44:27
442,rb2210,SHFE,0_0_      811914,     1107103,多,平今,4978.0,2,2022-04-08 22:44:31
443,rb2210,SHFE,0_0_      814411,     1109951,空,平今,4981.000000000001,1,2022-04-08 22:44:59
444,rb2210,SHFE,0_0_      814679,     1110524,多,平今,4980.0,1,2022-04-08 22:45:01
445,rb2210,SHFE,0_0_      814747,     1110931,空,开,4981.0,4,2022-04-08 22:45:04
446,rb2210,SHFE,0_0_      804193,     1112068,空,平今,4983.0,1,2022-04-08 22:45:08
447,rb2210,SHFE,0_0_      815977,     1112917,多,平今,4982.0,1,2022-04-08 22:45:13
448,rb2210,SHFE,0_0_      816907,     1113051,空,平今,4983.0,1,2022-04-08 22:45:14
449,rb2210,SHFE,0_0_      821654,     1117695,空,开,4986.0,2,2022-04-08 22:45:48
450,rb2210,SHFE,0_0_      825374,     1123603,多,平今,4988.0,3,2022-04-08 22:46:31
451,rb2210,SHFE,0_0_      821713,     1126554,多,平今,4985.0,1,2022-04-08 22:47:01
452,rb2210,SHFE,0_0_      821713,     1126563,多,平今,4985.0,1,2022-04-08 22:47:01
453,rb2210,SHFE,0_0_      829182,     1126567,空,开,4986.0,1,2022-04-08 22:47:01
454,rb2210,SHFE,0_0_      832143,     1134461,多,开,4986.0,2,2022-04-08 22:47:56
455,rb2210,SHFE,0_0_      839322,     1137455,空,开,4982.0,2,2022-04-08 22:48:19
456,rb2210,SHFE,0_0_      839526,     1137737,多,平今,4981.0,2,2022-04-08 22:48:20
457,rb2210,SHFE,0_0_      839526,     1137745,多,平今,4981.0,2,2022-04-08 22:48:20
458,rb2210,SHFE,0_0_      839732,     1137818,空,开,4981.0,2,2022-04-08 22:48:21
459,rb2210,SHFE,0_0_      844623,     1143607,多,开,4977.0,6,2022-04-08 22:48:56
460,rb2210,SHFE,0_0_      849722,     1149187,空,平今,4980.0,1,2022-04-08 22:49:38
461,rb2210,SHFE,0_0_      850733,     1150654,空,平今,4976.0,1,2022-04-08 22:49:49
462,rb2210,SHFE,0_0_      850893,     1150723,空,平今,4976.0,5,2022-04-08 22:49:49
463,rb2210,SHFE,0_0_      851315,     1151480,空,开,4975.0,1,2022-04-08 22:49:52
464,rb2210,SHFE,0_0_      851315,     1151527,空,开,4975.0,1,2022-04-08 22:49:52
465,rb2210,SHFE,0_0_      851355,     1151528,多,平今,4974.0,1,2022-04-08 22:49:52
466,rb2210,SHFE,0_0_      851355,     1151530,多,平今,4974.0,1,2022-04-08 22:49:52
467,rb2210,SHFE,0_0_      851744,     1151995,多,开,4974.0,6,2022-04-08 22:49:56
468,rb2210,SHFE,0_0_      851816,     1153250,空,平今,4975.0,2,2022-04-08 22:50:02
469,rb2210,SHFE,0_0_      853450,     1154325,多,平今,4977.0,4,2022-04-08 22:50:08
470,rb2210,SHFE,0_0_      856228,     1157715,空,开,4972.0,1,2022-04-08 22:50:29
471,rb2210,SHFE,0_0_      856228,     1157717,空,开,4972.0,1,2022-04-08 22:50:29
472,rb2210,SHFE,0_0_      856228,     1157720,空,开,4972.0,1,2022-04-08 22:50:29
473,rb2210,SHFE,0_0_      856228,     1157722,空,开,4972.0,1,2022-04-08 22:50:29
474,rb2210,SHFE,0_0_      856228,     1157723,空,开,4972.0,1,2022-04-08 22:50:29
475,rb2210,SHFE,0_0_      856228,     1157725,空,开,4972.0,1,2022-04-08 22:50:29
476,rb2210,SHFE,0_0_      856228,     1157728,空,开,4972.0,1,2022-04-08 22:50:29
477,rb2210,SHFE,0_0_      856228,     1157729,空,开,4972.0,1,2022-04-08 22:50:29
478,rb2210,SHFE,0_0_      857889,     1160291,多,平今,4973.0,1,2022-04-08 22:50:50
479,rb2210,SHFE,0_0_      858155,     1162609,多,平今,4974.0,2,2022-04-08 22:51:10
480,rb2210,SHFE,0_0_      865816,     1167901,多,开,4977.0,2,2022-04-08 22:51:56
481,rb2210,SHFE,0_0_      870676,     1171897,空,平今,4976.0,3,2022-04-08 22:52:32
482,rb2210,SHFE,0_0_      875476,     1175877,空,开,4970.0,2,2022-04-08 22:53:06
483,rb2210,SHFE,0_0_      875476,     1175878,空,开,4970.0,1,2022-04-08 22:53:06
484,rb2210,SHFE,0_0_      882031,     1185233,空,平今,4965.0,3,2022-04-08 22:53:46
485,rb2210,SHFE,0_0_      882053,     1185616,多,平今,4964.0,1,2022-04-08 22:53:47
486,rb2210,SHFE,0_0_      882053,     1185618,多,平今,4964.0,1,2022-04-08 22:53:47
487,rb2210,SHFE,0_0_      882053,     1186068,多,平今,4964.0,1,2022-04-08 22:53:49
488,rb2210,SHFE,0_0_      882605,     1186374,空,平今,4965.0,1,2022-04-08 22:53:50
489,rb2210,SHFE,0_0_      882761,     1188357,多,平今,4964.0,1,2022-04-08 22:54:01
490,rb2210,SHFE,0_0_      884511,     1188420,空,开,4965.0,1,2022-04-08 22:54:01
491,rb2210,SHFE,0_0_      884514,     1188423,多,平今,4964.0,1,2022-04-08 22:54:01
492,rb2210,SHFE,0_0_      884515,     1188551,空,开,4965.0,1,2022-04-08 22:54:01
493,rb2210,SHFE,0_0_      884522,     1188584,多,平今,4964.0,1,2022-04-08 22:54:02
494,rb2210,SHFE,0_0_      884979,     1189636,空,开,4962.0,4,2022-04-08 22:54:05
495,rb2210,SHFE,0_0_      885036,     1189816,多,平今,4961.0,3,2022-04-08 22:54:05
496,rb2210,SHFE,0_0_      885036,     1189817,多,平今,4961.0,1,2022-04-08 22:54:05
497,rb2210,SHFE,0_0_      885045,     1189867,空,开,4962.0,4,2022-04-08 22:54:05
498,rb2210,SHFE,0_0_      885052,     1189878,多,平今,4961.0,2,2022-04-08 22:54:05
499,rb2210,SHFE,0_0_      885052,     1189879,多,平今,4961.0,2,2022-04-08 22:54:05
500,rb2210,SHFE,0_0_      885053,     1189893,空,开,4962.0,4,2022-04-08 22:54:05
501,rb2210,SHFE,0_0_      885060,     1189903,多,平今,4961.0,4,2022-04-08 22:54:05
502,rb2210,SHFE,0_0_      885065,     1189905,空,开,4962.0,1,2022-04-08 22:54:05
503,rb2210,SHFE,0_0_      885065,     1189906,空,开,4962.0,1,2022-04-08 22:54:05
504,rb2210,SHFE,0_0_      885065,     1189907,空,开,4962.0,1,2022-04-08 22:54:05
505,rb2210,SHFE,0_0_      885065,     1189912,空,开,4962.0,1,2022-04-08 22:54:05
506,rb2210,SHFE,0_0_      885079,     1195453,多,开,4962.0,6,2022-04-08 22:54:40
507,rb2210,SHFE,0_0_      889924,     1195615,空,平今,4963.0,1,2022-04-08 22:54:41
508,rb2210,SHFE,0_0_      889924,     1195619,空,平今,4963.0,1,2022-04-08 22:54:41
509,rb2210,SHFE,0_0_      889924,     1195628,空,平今,4963.0,1,2022-04-08 22:54:41
510,rb2210,SHFE,0_0_      889924,     1195633,空,平今,4963.0,1,2022-04-08 22:54:41
511,rb2210,SHFE,0_0_      890754,     1197713,多,平今,4958.0,1,2022-04-08 22:54:47
512,rb2210,SHFE,0_0_      890754,     1197727,多,平今,4958.0,2,2022-04-08 22:54:47
513,rb2210,SHFE,0_0_      890754,     1197730,多,平今,4958.0,1,2022-04-08 22:54:47
514,rb2210,SHFE,0_0_      890812,     1197863,多,平今,4958.0,2,2022-04-08 22:54:48
515,rb2210,SHFE,0_0_      890812,     1197875,多,平今,4958.0,1,2022-04-08 22:54:48
516,rb2210,SHFE,0_0_      890834,     1197890,空,平今,4959.0,1,2022-04-08 22:54:48
517,rb2210,SHFE,0_0_      890834,     1197892,空,平今,4959.0,1,2022-04-08 22:54:48
518,rb2210,SHFE,0_0_      890853,     1198068,多,开,4958.0,2,2022-04-08 22:54:48
519,rb2210,SHFE,0_0_      890954,     1198095,空,平今,4959.0,2,2022-04-08 22:54:48
520,rb2210,SHFE,0_0_      890957,     1198110,多,开,4958.0,1,2022-04-08 22:54:48
521,rb2210,SHFE,0_0_      890957,     1198112,多,开,4958.0,1,2022-04-08 22:54:48
522,rb2210,SHFE,0_0_      890975,     1198114,空,平今,4959.0,1,2022-04-08 22:54:48
523,rb2210,SHFE,0_0_      890975,     1198120,空,平今,4959.0,1,2022-04-08 22:54:48
524,rb2210,SHFE,0_0_      893069,     1201595,多,平今,4963.0,1,2022-04-08 22:55:03
525,rb2210,SHFE,0_0_      893546,     1202126,多,开,4964.0,3,2022-04-08 22:55:05
526,rb2210,SHFE,0_0_      893662,     1202480,空,平今,4965.0,3,2022-04-08 22:55:06
527,rb2210,SHFE,0_0_      897281,     1207757,多,开,4966.0,1,2022-04-08 22:55:33
528,rb2210,SHFE,0_0_      893910,     1208523,多,开,4964.0,3,2022-04-08 22:55:37
529,rb2210,SHFE,0_0_      898039,     1208653,空,平今,4965.0,1,2022-04-08 22:55:38
530,rb2210,SHFE,0_0_      898039,     1208672,空,平今,4965.0,1,2022-04-08 22:55:38
531,rb2210,SHFE,0_0_      898039,     1208683,空,平今,4965.0,1,2022-04-08 22:55:38
532,rb2210,SHFE,0_0_      899191,     1210039,空,开,4961.0,3,2022-04-08 22:55:46
533,rb2210,SHFE,0_0_      898652,     1210537,空,平今,4963.0,1,2022-04-08 22:55:50
534,rb2210,SHFE,0_0_      890976,     1212012,多,开,4958.0,2,2022-04-08 22:55:59
535,rb2210,SHFE,0_0_      900795,     1212189,空,平今,4959.0,1,2022-04-08 22:55:59
536,rb2210,SHFE,0_0_      900795,     1212340,空,平今,4959.0,1,2022-04-08 22:56:00
537,rb2210,SHFE,0_0_      900895,     1212377,多,平今,4957.0,1,2022-04-08 22:56:00
538,rb2210,SHFE,0_0_      900896,     1212491,空,开,4958.0,1,2022-04-08 22:56:00
539,rb2210,SHFE,0_0_      900897,     1212494,多,平今,4957.0,1,2022-04-08 22:56:00
540,rb2210,SHFE,0_0_      900898,     1212501,空,开,4958.0,1,2022-04-08 22:56:00
541,rb2210,SHFE,0_0_      900899,     1212512,多,平今,4957.0,1,2022-04-08 22:56:00
542,rb2210,SHFE,0_0_      900902,     1212536,空,开,4958.0,1,2022-04-08 22:56:00
543,rb2210,SHFE,0_0_      900903,     1212540,多,平今,4957.0,1,2022-04-08 22:56:00
544,rb2210,SHFE,0_0_      900904,     1212546,空,开,4958.0,1,2022-04-08 22:56:00
545,rb2210,SHFE,0_0_      900905,     1212553,多,平今,4957.0,1,2022-04-08 22:56:00
546,rb2210,SHFE,0_0_      900910,     1212568,空,开,4958.0,1,2022-04-08 22:56:00
547,rb2210,SHFE,0_0_      900911,     1212573,多,平今,4957.0,1,2022-04-08 22:56:00
548,rb2210,SHFE,0_0_      900912,     1212579,空,开,4958.0,1,2022-04-08 22:56:00
549,rb2210,SHFE,0_0_      900915,     1212586,多,平今,4957.0,1,2022-04-08 22:56:00
550,rb2210,SHFE,0_0_      900916,     1212597,空,开,4958.0,1,2022-04-08 22:56:00
551,rb2210,SHFE,0_0_      900917,     1212602,多,平今,4956.0,1,2022-04-08 22:56:00
552,rb2210,SHFE,0_0_      900918,     1212604,空,开,4957.0,1,2022-04-08 22:56:00
553,rb2210,SHFE,0_0_      900919,     1212631,多,平今,4956.0,1,2022-04-08 22:56:00
554,rb2210,SHFE,0_0_      900920,     1212650,空,开,4957.0,1,2022-04-08 22:56:00
555,rb2210,SHFE,0_0_      900937,     1212658,多,平今,4956.0,1,2022-04-08 22:56:00
556,rb2210,SHFE,0_0_      900938,     1212673,空,开,4957.0,1,2022-04-08 22:56:00
557,rb2210,SHFE,0_0_      900939,     1212703,多,平今,4956.0,1,2022-04-08 22:56:00
558,rb2210,SHFE,0_0_      900959,     1212973,空,开,4957.0,1,2022-04-08 22:56:01
559,rb2210,SHFE,0_0_      901038,     1212999,多,平今,4956.0,1,2022-04-08 22:56:01
560,rb2210,SHFE,0_0_      901045,     1213451,空,开,4957.0,1,2022-04-08 22:56:02
561,rb2210,SHFE,0_0_      901107,     1213550,多,平今,4956.0,1,2022-04-08 22:56:02
562,rb2210,SHFE,0_0_      901134,     1213668,空,开,4957.0,1,2022-04-08 22:56:02
563,rb2210,SHFE,0_0_      901143,     1213708,多,平今,4955.0,1,2022-04-08 22:56:02
564,rb2210,SHFE,0_0_      901144,     1213718,空,开,4956.0,1,2022-04-08 22:56:02
565,rb2210,SHFE,0_0_      901145,     1213935,多,平今,4955.0,1,2022-04-08 22:56:02
566,rb2210,SHFE,0_0_      901174,     1213990,空,开,4956.0,1,2022-04-08 22:56:02
567,rb2210,SHFE,0_0_      901176,     1214091,多,平今,4955.0,1,2022-04-08 22:56:02
568,rb2210,SHFE,0_0_      901202,     1214260,空,开,4956.0,1,2022-04-08 22:56:03
569,rb2210,SHFE,0_0_      901245,     1214629,多,平今,4955.0,1,2022-04-08 22:56:03
570,rb2210,SHFE,0_0_      901378,     1214647,空,开,4956.0,1,2022-04-08 22:56:03
571,rb2210,SHFE,0_0_      899702,     1216576,空,开,4963.0,4,2022-04-08 22:56:15
572,rb2210,SHFE,0_0_      902861,     1216775,多,平今,4962.0,4,2022-04-08 22:56:16
573,rb2210,SHFE,0_0_      902912,     1216827,空,开,4963.0,4,2022-04-08 22:56:16
574,rb2210,SHFE,0_0_      902956,     1216957,空,开,4964.0,1,2022-04-08 22:56:17
575,rb2210,SHFE,0_0_      901920,     1218729,多,开,4959.0,1,2022-04-08 22:56:29
576,rb2210,SHFE,0_0_      901920,     1218732,多,开,4959.0,2,2022-04-08 22:56:29
577,rb2210,SHFE,0_0_      901389,     1221620,多,平今,4955.0,1,2022-04-08 22:56:45
578,rb2210,SHFE,0_0_      907177,     1221666,空,开,4956.0,1,2022-04-08 22:56:45
579,rb2210,SHFE,0_0_      907187,     1221748,多,平今,4955.000000000001,1,2022-04-08 22:56:45
580,rb2210,SHFE,0_0_      907199,     1221786,空,开,4956.0,1,2022-04-08 22:56:45
581,rb2210,SHFE,0_0_      907213,     1222052,多,平今,4955.0,1,2022-04-08 22:56:46
582,rb2210,SHFE,0_0_      907926,     1224602,多,平今,4950.0,1,2022-04-08 22:56:50
583,rb2210,SHFE,0_0_      907926,     1224607,多,平今,4950.0,3,2022-04-08 22:56:50
584,rb2210,SHFE,0_0_      907993,     1224948,多,开,4951.0,4,2022-04-08 22:56:51
585,rb2210,SHFE,0_0_      911982,     1231206,多,平今,4955.0,1,2022-04-08 22:57:22
586,rb2210,SHFE,0_0_      912010,     1231240,空,开,4956.0,5,2022-04-08 22:57:22
587,rb2210,SHFE,0_0_      904560,     1234644,空,平今,4960.0,3,2022-04-08 22:57:35
588,rb2210,SHFE,0_0_      914287,     1234649,多,平今,4959.0,1,2022-04-08 22:57:35
589,rb2210,SHFE,0_0_      914287,     1234668,多,平今,4959.0,1,2022-04-08 22:57:35
590,rb2210,SHFE,0_0_      914287,     1234677,多,平今,4959.0,1,2022-04-08 22:57:35
591,rb2210,SHFE,0_0_      918051,     1239441,空,平今,4956.0,1,2022-04-08 22:58:05
592,rb2210,SHFE,0_0_      919061,     1240648,空,开,4956.0,3,2022-04-08 22:58:13
593,rb2210,SHFE,0_0_      919061,     1240658,空,开,4956.0,1,2022-04-08 22:58:13
594,rb2210,SHFE,0_0_      919555,     1240900,多,平今,4955.0,3,2022-04-08 22:58:15
595,rb2210,SHFE,0_0_      919610,     1241107,空,平今,4956.0,3,2022-04-08 22:58:17
596,rb2210,SHFE,0_0_      920013,     1241349,多,平今,4957.0,2,2022-04-08 22:58:19
597,rb2210,SHFE,0_0_      920670,     1241894,多,平今,4958.0,3,2022-04-08 22:58:22
598,rb2210,SHFE,0_0_      921013,     1242292,空,开,4959.0,4,2022-04-08 22:58:24
599,rb2210,SHFE,0_0_      923872,     1246539,多,开,4960.0,2,2022-04-08 22:58:50
600,rb2210,SHFE,0_0_      923872,     1246540,多,开,4960.0,6,2022-04-08 22:58:50
601,rb2210,SHFE,0_0_     1214923,     1510807,空,平今,4917.0,4,2022-04-11 09:00:37
602,rb2210,SHFE,0_0_     1215096,     1513917,多,平今,4918.0,2,2022-04-11 09:00:42
603,rb2210,SHFE,0_0_     1215096,     1513918,多,平今,4918.0,2,2022-04-11 09:00:42
604,rb2210,SHFE,0_0_     1215354,     1517415,空,开,4918.0,4,2022-04-11 09:00:48
605,rb2210,SHFE,0_0_     1215679,     1523164,多,平今,4918.0,4,2022-04-11 09:00:58
606,rb2210,SHFE,0_0_     1215744,     1526705,空,开,4919.0,1,2022-04-11 09:01:03
607,rb2210,SHFE,0_0_     1215744,     1526706,空,开,4919.0,3,2022-04-11 09:01:03
608,rb2210,SHFE,0_0_     1215937,     1526714,多,平今,4918.0,2,2022-04-11 09:01:03
609,rb2210,SHFE,0_0_     1215264,     1531441,空,平今,4921.0,4,2022-04-11 09:01:13
610,rb2210,SHFE,0_0_     1216205,     1531741,多,开,4920.0,4,2022-04-11 09:01:13
611,rb2210,SHFE,0_0_     1216214,     1531828,空,平今,4921.0,4,2022-04-11 09:01:13
612,rb2210,SHFE,0_0_     1216215,     1533950,多,开,4920.0,4,2022-04-11 09:01:17
613,rb2210,SHFE,0_0_     1216331,     1533991,空,平今,4921.0,1,2022-04-11 09:01:17
614,rb2210,SHFE,0_0_     1216331,     1533992,空,平今,4921.0,1,2022-04-11 09:01:17
615,rb2210,SHFE,0_0_     1216331,     1533996,空,平今,4921.0,1,2022-04-11 09:01:17
616,rb2210,SHFE,0_0_     1216331,     1534001,空,平今,4921.0,1,2022-04-11 09:01:17
617,rb2210,SHFE,0_0_     1216637,     1539209,空,开,4922.0,4,2022-04-11 09:01:28
618,rb2210,SHFE,0_0_     1216658,     1539220,多,平今,4921.0,4,2022-04-11 09:01:28
619,rb2210,SHFE,0_0_     1216659,     1539431,空,开,4922.0,1,2022-04-11 09:01:28
620,rb2210,SHFE,0_0_     1216659,     1539480,空,开,4922.0,1,2022-04-11 09:01:28
621,rb2210,SHFE,0_0_     1216659,     1539481,空,开,4922.0,1,2022-04-11 09:01:28
622,rb2210,SHFE,0_0_     1216659,     1539485,空,开,4922.0,1,2022-04-11 09:01:28
623,rb2210,SHFE,0_0_     1216671,     1539551,多,平今,4921.0,1,2022-04-11 09:01:28
624,rb2210,SHFE,0_0_     1216671,     1539572,多,平今,4921.0,3,2022-04-11 09:01:28
625,rb2210,SHFE,0_0_     1216672,     1539596,空,开,4922.0,4,2022-04-11 09:01:28
626,rb2210,SHFE,0_0_     1216673,     1539603,多,平今,4921.0,4,2022-04-11 09:01:28
627,rb2210,SHFE,0_0_     1216674,     1539655,空,开,4922.0,4,2022-04-11 09:01:29
628,rb2210,SHFE,0_0_     1216687,     1539686,多,平今,4921.0,1,2022-04-11 09:01:29
629,rb2210,SHFE,0_0_     1216687,     1539702,多,平今,4921.0,1,2022-04-11 09:01:29
630,rb2210,SHFE,0_0_     1216687,     1539715,多,平今,4921.0,2,2022-04-11 09:01:29
631,rb2210,SHFE,0_0_     1216698,     1539722,空,开,4922.0,2,2022-04-11 09:01:29
632,rb2210,SHFE,0_0_     1216698,     1539730,空,开,4922.0,1,2022-04-11 09:01:29
633,rb2210,SHFE,0_0_     1216698,     1539733,空,开,4922.0,1,2022-04-11 09:01:29
634,rb2210,SHFE,0_0_     1216699,     1539753,多,平今,4921.0,4,2022-04-11 09:01:29
635,rb2210,SHFE,0_0_     1216700,     1539783,空,开,4922.0,1,2022-04-11 09:01:29
636,rb2210,SHFE,0_0_     1216700,     1539788,空,开,4922.0,1,2022-04-11 09:01:29
637,rb2210,SHFE,0_0_     1216700,     1539791,空,开,4922.0,2,2022-04-11 09:01:29
638,rb2210,SHFE,0_0_     1216701,     1539895,多,平今,4921.000000000001,4,2022-04-11 09:01:29
639,rb2210,SHFE,0_0_     1216896,     1543825,多,开,4922.0,7,2022-04-11 09:01:37
640,rb2210,SHFE,0_0_     1216896,     1543827,多,开,4922.0,1,2022-04-11 09:01:37
641,rb2210,SHFE,0_0_     1217081,     1547350,空,平今,4926.0,1,2022-04-11 09:01:45
642,rb2210,SHFE,0_0_     1217081,     1547390,空,平今,4926.0,3,2022-04-11 09:01:45
643,rb2210,SHFE,0_0_     1216991,     1547568,空,平今,4927.0,2,2022-04-11 09:01:45
644,rb2210,SHFE,0_0_     1217286,     1549452,多,平今,4929.0,1,2022-04-11 09:01:51
645,rb2210,SHFE,0_0_     1217310,     1550063,多,开,4929.0,2,2022-04-11 09:01:53
646,rb2210,SHFE,0_0_     1217364,     1550230,空,平今,4930.0,2,2022-04-11 09:01:53
647,rb2210,SHFE,0_0_     1217378,     1551065,多,开,4929.0,2,2022-04-11 09:01:55
648,rb2210,SHFE,0_0_     1217433,     1551090,空,平今,4930.0,1,2022-04-11 09:01:55
649,rb2210,SHFE,0_0_     1217433,     1551092,空,平今,4930.0,1,2022-04-11 09:01:55
650,rb2210,SHFE,0_0_     1217438,     1551470,多,开,4929.0,2,2022-04-11 09:01:56
651,rb2210,SHFE,0_0_     1217467,     1551551,空,平今,4930.0,2,2022-04-11 09:01:56
652,rb2210,SHFE,0_0_     1217469,     1551592,多,开,4929.0,2,2022-04-11 09:01:57
653,rb2210,SHFE,0_0_     1217476,     1551750,空,开,4930.0,5,2022-04-11 09:01:57
654,rb2210,SHFE,0_0_     1217487,     1551771,多,平今,4929.0,5,2022-04-11 09:01:57
655,rb2210,SHFE,0_0_     1217488,     1551782,空,开,4930.0,1,2022-04-11 09:01:57
656,rb2210,SHFE,0_0_     1217488,     1551838,空,开,4930.0,1,2022-04-11 09:01:57
657,rb2210,SHFE,0_0_     1217488,     1552102,空,开,4930.0,3,2022-04-11 09:01:58
658,rb2210,SHFE,0_0_     1217526,     1552111,多,平今,4929.0,3,2022-04-11 09:01:58
659,rb2210,SHFE,0_0_     1217715,     1555395,空,平今,4928.0,4,2022-04-11 09:02:05
660,rb2210,SHFE,0_0_     1217747,     1555555,空,开,4928.0,1,2022-04-11 09:02:05
661,rb2210,SHFE,0_0_     1217748,     1555729,多,开,4927.0,5,2022-04-11 09:02:06
662,rb2210,SHFE,0_0_     1217760,     1555743,空,平今,4928.0,5,2022-04-11 09:02:06
663,rb2210,SHFE,0_0_     1217761,     1556044,多,开,4927.0,5,2022-04-11 09:02:06
664,rb2210,SHFE,0_0_     1217784,     1556089,空,平今,4928.0,5,2022-04-11 09:02:06
665,rb2210,SHFE,0_0_     1217907,     1557838,多,平今,4928.0,3,2022-04-11 09:02:12
666,rb2210,SHFE,0_0_     1217785,     1557844,多,开,4927.0,5,2022-04-11 09:02:12
667,rb2210,SHFE,0_0_     1217919,     1558553,空,平今,4928.0,4,2022-04-11 09:02:14
668,rb2210,SHFE,0_0_     1217947,     1558598,多,开,4927.0,4,2022-04-11 09:02:14
669,rb2210,SHFE,0_0_     1217948,     1558922,空,平今,4928.0,4,2022-04-11 09:02:14
670,rb2210,SHFE,0_0_     1217958,     1559561,多,开,4927.0,4,2022-04-11 09:02:16
671,rb2210,SHFE,0_0_     1218007,     1560747,空,平今,4928.0,4,2022-04-11 09:02:19
672,rb2210,SHFE,0_0_     1218131,     1561222,空,开,4926.0,4,2022-04-11 09:02:21
673,rb2210,SHFE,0_0_     1218175,     1563034,空,平今,4926.0,1,2022-04-11 09:02:25
674,rb2210,SHFE,0_0_     1218251,     1563043,多,平今,4925.0,1,2022-04-11 09:02:25
675,rb2210,SHFE,0_0_     1218363,     1564543,多,平今,4927.0,1,2022-04-11 09:02:29
676,rb2210,SHFE,0_0_     1218650,     1569055,空,开,4926.000000000001,2,2022-04-11 09:02:41
677,rb2210,SHFE,0_0_     1218740,     1569340,空,开,4925.0,2,2022-04-11 09:02:41
678,rb2210,SHFE,0_0_     1218753,     1569850,多,平今,4924.0,1,2022-04-11 09:02:42
679,rb2210,SHFE,0_0_     1218753,     1569851,多,平今,4924.0,1,2022-04-11 09:02:42
680,rb2210,SHFE,0_0_     1218812,     1570333,多,平今,4925.0,2,2022-04-11 09:02:44
681,rb2210,SHFE,0_0_     1218812,     1570342,多,平今,4925.0,1,2022-04-11 09:02:44
682,rb2210,SHFE,0_0_     1218812,     1570383,多,平今,4925.0,1,2022-04-11 09:02:44
683,rb2210,SHFE,0_0_     1218861,     1570847,空,开,4926.0,2,2022-04-11 09:02:45
684,rb2210,SHFE,0_0_     1219893,     1578810,多,开,4926.0,2,2022-04-11 09:03:06
685,rb2210,SHFE,0_0_     1219893,     1578948,多,开,4926.0,1,2022-04-11 09:03:06
686,rb2210,SHFE,0_0_     1219893,     1578949,多,开,4926.0,1,2022-04-11 09:03:06
687,rb2210,SHFE,0_0_     1218882,     1579793,多,平今,4925.0,2,2022-04-11 09:03:08
688,rb2210,SHFE,0_0_     1220519,     1583359,空,平今,4926.0,3,2022-04-11 09:03:14
689,rb2210,SHFE,0_0_     1220602,     1583538,空,开,4925.0,1,2022-04-11 09:03:15
690,rb2210,SHFE,0_0_     1220602,     1583539,空,开,4925.0,1,2022-04-11 09:03:15
691,rb2210,SHFE,0_0_     1220664,     1584270,空,开,4925.0,1,2022-04-11 09:03:17
692,rb2210,SHFE,0_0_     1220664,     1584335,空,开,4925.0,2,2022-04-11 09:03:17
693,rb2210,SHFE,0_0_     1220664,     1584337,空,开,4925.0,1,2022-04-11 09:03:17
694,rb2210,SHFE,0_0_     1220835,     1585098,多,平今,4923.0,1,2022-04-11 09:03:19
695,rb2210,SHFE,0_0_     1220882,     1585650,空,开,4923.0,2,2022-04-11 09:03:21
696,rb2210,SHFE,0_0_     1220921,     1585988,多,平今,4922.000000000001,2,2022-04-11 09:03:22
697,rb2210,SHFE,0_0_     1220975,     1586234,空,开,4923.0,2,2022-04-11 09:03:22
698,rb2210,SHFE,0_0_     1221019,     1586238,多,平今,4922.0,1,2022-04-11 09:03:22
699,rb2210,SHFE,0_0_     1221019,     1586404,多,平今,4922.0,1,2022-04-11 09:03:23
700,rb2210,SHFE,0_0_     1221049,     1586531,多,开,4922.0,7,2022-04-11 09:03:23
701,rb2210,SHFE,0_0_     1221030,     1586725,空,平今,4923.0,1,2022-04-11 09:03:23
702,rb2210,SHFE,0_0_     1221073,     1587036,多,平今,4922.0,1,2022-04-11 09:03:24
703,rb2210,SHFE,0_0_     1221115,     1587248,空,平今,4923.0,1,2022-04-11 09:03:24
704,rb2210,SHFE,0_0_     1221178,     1587602,多,平今,4922.0,2,2022-04-11 09:03:25
705,rb2210,SHFE,0_0_     1221254,     1589859,空,平今,4923.0,2,2022-04-11 09:03:31
706,rb2210,SHFE,0_0_     1221638,     1589916,多,平今,4922.0,2,2022-04-11 09:03:31
707,rb2210,SHFE,0_0_     1221900,     1591135,空,开,4922.0,1,2022-04-11 09:03:33
708,rb2210,SHFE,0_0_     1221900,     1591147,空,开,4922.0,3,2022-04-11 09:03:33
709,rb2210,SHFE,0_0_     1221900,     1591148,空,开,4922.0,3,2022-04-11 09:03:33
710,rb2210,SHFE,0_0_     1222690,     1596172,多,平今,4919.0,4,2022-04-11 09:03:45
711,rb2210,SHFE,0_0_     1222690,     1596173,多,平今,4919.0,2,2022-04-11 09:03:45
712,rb2210,SHFE,0_0_     1223004,     1597279,空,平今,4921.0,3,2022-04-11 09:03:48
713,rb2210,SHFE,0_0_     1222222,     1598467,空,平今,4922.0,1,2022-04-11 09:03:52
714,rb2210,SHFE,0_0_     1223527,     1600316,空,开,4922.0,4,2022-04-11 09:03:57
715,rb2210,SHFE,0_0_     1224167,     1606463,多,平今,4911.0,2,2022-04-11 09:04:07
716,rb2210,SHFE,0_0_     1224168,     1608082,空,开,4912.0,2,2022-04-11 09:04:09
717,rb2210,SHFE,0_0_     1224271,     1608182,多,平今,4911.0,2,2022-04-11 09:04:09
718,rb2210,SHFE,0_0_     1224301,     1608637,多,开,4911.0,1,2022-04-11 09:04:09
719,rb2210,SHFE,0_0_     1224301,     1608642,多,开,4911.0,7,2022-04-11 09:04:09
720,rb2210,SHFE,0_0_     1224272,     1608645,空,开,4912.0,2,2022-04-11 09:04:09
721,rb2210,SHFE,0_0_     1224504,     1609267,空,平今,4913.0,1,2022-04-11 09:04:10
722,rb2210,SHFE,0_0_     1224504,     1609321,空,平今,4913.0,3,2022-04-11 09:04:10
723,rb2210,SHFE,0_0_     1224513,     1610487,多,平今,4912.0,4,2022-04-11 09:04:11
724,rb2210,SHFE,0_0_     1224646,     1610513,空,平今,4913.0,4,2022-04-11 09:04:11
725,rb2210,SHFE,0_0_     1224651,     1610665,多,开,4912.0,4,2022-04-11 09:04:12
726,rb2210,SHFE,0_0_     1224663,     1612062,空,平今,4913.0,4,2022-04-11 09:04:15
727,rb2210,SHFE,0_0_     1224891,     1612567,空,开,4913.0,3,2022-04-11 09:04:15
728,rb2210,SHFE,0_0_     1226064,     1618200,多,平今,4916.0,2,2022-04-11 09:04:30
729,rb2210,SHFE,0_0_     1226135,     1619513,空,开,4917.0,2,2022-04-11 09:04:34
730,rb2210,SHFE,0_0_     1226492,     1619563,多,平今,4916.0,2,2022-04-11 09:04:34
731,rb2210,SHFE,0_0_     1226495,     1619583,空,开,4917.0,2,2022-04-11 09:04:34
732,rb2210,SHFE,0_0_     1226498,     1619736,多,平今,4916.0,2,2022-04-11 09:04:35
733,rb2210,SHFE,0_0_     1226548,     1620123,空,开,4917.0,2,2022-04-11 09:04:36
734,rb2210,SHFE,0_0_     1226620,     1620499,多,平今,4916.0,1,2022-04-11 09:04:37
735,rb2210,SHFE,0_0_     1226620,     1620522,多,平今,4916.0,1,2022-04-11 09:04:37
736,rb2210,SHFE,0_0_     1226679,     1620540,空,开,4917.0,2,2022-04-11 09:04:37
737,rb2210,SHFE,0_0_     1232236,     1634206,多,开,4908.0,8,2022-04-11 09:05:06
738,rb2210,SHFE,0_0_     1232091,     1635578,多,平今,4906.0,4,2022-04-11 09:05:08
739,rb2210,SHFE,0_0_     1232654,     1635598,空,平今,4907.0,1,2022-04-11 09:05:08
740,rb2210,SHFE,0_0_     1232654,     1635602,空,平今,4907.0,1,2022-04-11 09:05:08
741,rb2210,SHFE,0_0_     1232654,     1635604,空,平今,4907.0,2,2022-04-11 09:05:08
742,rb2210,SHFE,0_0_     1232750,     1635741,多,平今,4907.0,1,2022-04-11 09:05:08
743,rb2210,SHFE,0_0_     1234146,     1640819,空,平今,4907.0,1,2022-04-11 09:05:17
744,rb2210,SHFE,0_0_     1234448,     1640869,多,开,4906.0,1,2022-04-11 09:05:17
745,rb2210,SHFE,0_0_     1234451,     1640937,空,平今,4907.0,1,2022-04-11 09:05:17
746,rb2210,SHFE,0_0_     1234483,     1640963,多,开,4906.0,1,2022-04-11 09:05:17
747,rb2210,SHFE,0_0_     1238128,     1654755,空,平今,4908.0,1,2022-04-11 09:05:45
748,rb2210,SHFE,0_0_     1238128,     1654757,空,平今,4908.0,3,2022-04-11 09:05:45
749,rb2210,SHFE,0_0_     1239379,     1657426,空,开,4910.0,2,2022-04-11 09:05:52
750,rb2210,SHFE,0_0_     1239819,     1658730,多,开,4909.0,3,2022-04-11 09:05:55
751,rb2210,SHFE,0_0_     1239885,     1659167,空,平今,4910.0,1,2022-04-11 09:05:56
752,rb2210,SHFE,0_0_     1239885,     1659177,空,平今,4910.0,2,2022-04-11 09:05:56
753,rb2210,SHFE,0_0_     1238253,     1660777,多,开,4907.0,4,2022-04-11 09:06:00
754,rb2210,SHFE,0_0_     1240671,     1671017,空,开,4908.0,5,2022-04-11 09:06:16
755,rb2210,SHFE,0_0_     1243529,     1671048,多,平今,4907.0,1,2022-04-11 09:06:16
756,rb2210,SHFE,0_0_     1243529,     1671051,多,平今,4907.0,1,2022-04-11 09:06:16
757,rb2210,SHFE,0_0_     1243529,     1671053,多,平今,4907.0,1,2022-04-11 09:06:16
758,rb2210,SHFE,0_0_     1243529,     1671064,多,平今,4907.0,2,2022-04-11 09:06:16
759,rb2210,SHFE,0_0_     1243934,     1672822,多,开,4908.0,4,2022-04-11 09:06:20
760,rb2210,SHFE,0_0_     1244242,     1672876,空,平今,4909.0,4,2022-04-11 09:06:20
761,rb2210,SHFE,0_0_     1244259,     1673771,多,开,4908.0,1,2022-04-11 09:06:22
762,rb2210,SHFE,0_0_     1244259,     1673787,多,开,4908.0,2,2022-04-11 09:06:22
763,rb2210,SHFE,0_0_     1244259,     1673793,多,开,4908.0,1,2022-04-11 09:06:22
764,rb2210,SHFE,0_0_     1244531,     1674212,空,平今,4909.0,4,2022-04-11 09:06:23
765,rb2210,SHFE,0_0_     1244706,     1674229,多,开,4908.0,4,2022-04-11 09:06:23
766,rb2210,SHFE,0_0_     1244713,     1674447,空,平今,4909.0,4,2022-04-11 09:06:24
767,rb2210,SHFE,0_0_     1244770,     1674731,空,平今,4909.0,4,2022-04-11 09:06:24
768,rb2210,SHFE,0_0_     1244811,     1674733,多,开,4908.0,1,2022-04-11 09:06:24
769,rb2210,SHFE,0_0_     1244811,     1674772,多,开,4908.0,3,2022-04-11 09:06:25
770,rb2210,SHFE,0_0_     1244825,     1674851,空,平今,4909.0,3,2022-04-11 09:06:25
771,rb2210,SHFE,0_0_     1244847,     1674967,多,开,4908.0,3,2022-04-11 09:06:25
772,rb2210,SHFE,0_0_     1244880,     1675430,空,平今,4909.0,3,2022-04-11 09:06:26
773,rb2210,SHFE,0_0_     1245074,     1675525,多,开,4908.0,3,2022-04-11 09:06:27
774,rb2210,SHFE,0_0_     1243560,     1676206,多,平今,4906.0,2,2022-04-11 09:06:28
775,rb2210,SHFE,0_0_     1245439,     1680156,空,开,4906.0,1,2022-04-11 09:06:38
776,rb2210,SHFE,0_0_     1245439,     1680157,空,开,4906.0,1,2022-04-11 09:06:38
777,rb2210,SHFE,0_0_     1245439,     1680165,空,开,4906.0,4,2022-04-11 09:06:38
778,rb2210,SHFE,0_0_     1245439,     1680167,空,开,4906.0,1,2022-04-11 09:06:38
779,rb2210,SHFE,0_0_     1245439,     1680174,空,开,4906.0,1,2022-04-11 09:06:38
780,rb2210,SHFE,0_0_     1246739,     1681110,多,平今,4905.0,4,2022-04-11 09:06:41
781,rb2210,SHFE,0_0_     1247143,     1682381,空,开,4906.0,1,2022-04-11 09:06:44
782,rb2210,SHFE,0_0_     1247143,     1682383,空,开,4906.0,1,2022-04-11 09:06:44
783,rb2210,SHFE,0_0_     1247143,     1682977,空,开,4906.0,2,2022-04-11 09:06:45
784,rb2210,SHFE,0_0_     1248235,     1685147,多,平今,4903.0,2,2022-04-11 09:06:51
785,rb2210,SHFE,0_0_     1248261,     1685399,空,开,4904.0,2,2022-04-11 09:06:51
786,rb2210,SHFE,0_0_     1248288,     1685882,多,平今,4903.0,2,2022-04-11 09:06:52
787,rb2210,SHFE,0_0_     1248355,     1686071,空,开,4904.0,2,2022-04-11 09:06:53
788,rb2210,SHFE,0_0_     1248415,     1686369,多,平今,4903.0,2,2022-04-11 09:06:54
789,rb2210,SHFE,0_0_     1249095,     1687708,空,平今,4903.0,1,2022-04-11 09:06:58
790,rb2210,SHFE,0_0_     1249208,     1687946,多,平今,4902.0,4,2022-04-11 09:06:58
791,rb2210,SHFE,0_0_     1249238,     1688013,空,开,4903.0,4,2022-04-11 09:06:59
792,rb2210,SHFE,0_0_     1250138,     1692261,多,平今,4901.0,1,2022-04-11 09:07:05
793,rb2210,SHFE,0_0_     1250138,     1692262,多,平今,4901.0,1,2022-04-11 09:07:05
794,rb2210,SHFE,0_0_     1250138,     1692267,多,平今,4901.0,1,2022-04-11 09:07:05
795,rb2210,SHFE,0_0_     1250138,     1692270,多,平今,4901.0,1,2022-04-11 09:07:05
796,rb2210,SHFE,0_0_     1248572,     1696184,空,开,4904.0,2,2022-04-11 09:07:15
797,rb2210,SHFE,0_0_     1251915,     1696715,多,平今,4903.0,2,2022-04-11 09:07:16
798,rb2210,SHFE,0_0_     1252092,     1696780,空,开,4904.0,2,2022-04-11 09:07:16
799,rb2210,SHFE,0_0_     1252543,     1697744,多,平今,4905.0,1,2022-04-11 09:07:18
800,rb2210,SHFE,0_0_     1252827,     1698407,多,开,4906.0,1,2022-04-11 09:07:20
801,rb2210,SHFE,0_0_     1252827,     1698415,多,开,4906.0,3,2022-04-11 09:07:20
802,rb2210,SHFE,0_0_     1245106,     1699707,空,平今,4909.0,3,2022-04-11 09:07:24
803,rb2210,SHFE,0_0_     1253811,     1699828,空,平今,4908.0,3,2022-04-11 09:07:24
804,rb2210,SHFE,0_0_     1256789,     1709269,多,开,4908.0,1,2022-04-11 09:07:51
805,rb2210,SHFE,0_0_     1256789,     1709293,多,开,4908.0,1,2022-04-11 09:07:51
806,rb2210,SHFE,0_0_     1258573,     1710609,空,平今,4909.0,1,2022-04-11 09:07:55
807,rb2210,SHFE,0_0_     1258904,     1711707,多,开,4908.0,1,2022-04-11 09:07:59
808,rb2210,SHFE,0_0_     1258904,     1711720,多,开,4908.0,1,2022-04-11 09:07:59
809,rb2210,SHFE,0_0_     1259396,     1711907,空,平今,4909.0,2,2022-04-11 09:07:59
810,rb2210,SHFE,0_0_     1260546,     1714068,多,开,4907.0,2,2022-04-11 09:08:06
811,rb2210,SHFE,0_0_     1261368,     1715237,空,平今,4904.0,1,2022-04-11 09:08:10
812,rb2210,SHFE,0_0_     1261368,     1715247,空,平今,4904.0,1,2022-04-11 09:08:10
813,rb2210,SHFE,0_0_     1261368,     1715255,空,平今,4904.0,2,2022-04-11 09:08:10
814,rb2210,SHFE,0_0_     1252111,     1715388,多,平今,4903.0,2,2022-04-11 09:08:11
815,rb2210,SHFE,0_0_     1261419,     1715647,空,开,4904.0,3,2022-04-11 09:08:12
816,rb2210,SHFE,0_0_     1261533,     1716386,空,开,4904.0,2,2022-04-11 09:08:14
817,rb2210,SHFE,0_0_     1261533,     1716388,空,开,4904.0,2,2022-04-11 09:08:14
818,rb2210,SHFE,0_0_     1263456,     1729184,多,平今,4904.0,4,2022-04-11 09:09:00
819,rb2210,SHFE,0_0_     1262748,     1729243,多,开,4903.0,8,2022-04-11 09:09:00
820,rb2210,SHFE,0_0_     1269689,     1730384,空,平今,4903.0,1,2022-04-11 09:09:03
821,rb2210,SHFE,0_0_     1270385,     1732969,多,平今,4903.0,3,2022-04-11 09:09:09
822,rb2210,SHFE,0_0_     1270706,     1733154,空,平今,4904.0,7,2022-04-11 09:09:09
823,rb2210,SHFE,0_0_     1271497,     1734678,多,开,4905.0,4,2022-04-11 09:09:16
824,rb2210,SHFE,0_0_     1271751,     1735074,空,开,4906.0,7,2022-04-11 09:09:17
825,rb2210,SHFE,0_0_     1271975,     1735421,多,平今,4905.0,2,2022-04-11 09:09:19
826,rb2210,SHFE,0_0_     1271975,     1735432,多,平今,4905.0,3,2022-04-11 09:09:19
827,rb2210,SHFE,0_0_     1271975,     1735525,多,平今,4905.0,1,2022-04-11 09:09:19
828,rb2210,SHFE,0_0_     1271975,     1735526,多,平今,4905.0,1,2022-04-11 09:09:19
829,rb2210,SHFE,0_0_     1272583,     1736277,多,平今,4907.0,1,2022-04-11 09:09:23
830,rb2210,SHFE,0_0_     1274426,     1739835,空,开,4906.0,8,2022-04-11 09:09:36
831,rb2210,SHFE,0_0_     1274513,     1740142,多,平今,4904.0,4,2022-04-11 09:09:37
832,rb2210,SHFE,0_0_     1275007,     1741586,多,开,4907.0,2,2022-04-11 09:09:42
833,rb2210,SHFE,0_0_     1275007,     1741591,多,开,4907.0,1,2022-04-11 09:09:42
834,rb2210,SHFE,0_0_     1275007,     1741593,多,开,4907.0,1,2022-04-11 09:09:42
835,rb2210,SHFE,0_0_     1274592,     1745576,多,平今,4904.0,4,2022-04-11 09:09:58
836,rb2210,SHFE,0_0_     1278177,     1747444,空,开,4903.0,5,2022-04-11 09:10:01
837,rb2210,SHFE,0_0_     1278894,     1749780,多,平今,4906.0,3,2022-04-11 09:10:07
838,rb2210,SHFE,0_0_     1279019,     1749849,空,平今,4907.0,3,2022-04-11 09:10:07
839,rb2210,SHFE,0_0_     1279086,     1750012,空,平今,4907.0,3,2022-04-11 09:10:08
840,rb2210,SHFE,0_0_     1279089,     1750693,多,开,4906.0,3,2022-04-11 09:10:10
841,rb2210,SHFE,0_0_     1279480,     1750706,空,平今,4907.0,1,2022-04-11 09:10:10
842,rb2210,SHFE,0_0_     1279480,     1750708,空,平今,4907.0,1,2022-04-11 09:10:10
843,rb2210,SHFE,0_0_     1279480,     1750710,空,平今,4907.0,1,2022-04-11 09:10:11
844,rb2210,SHFE,0_0_     1279491,     1751078,多,平今,4906.0,1,2022-04-11 09:10:11
845,rb2210,SHFE,0_0_     1279610,     1751355,空,平今,4907.0,1,2022-04-11 09:10:12
846,rb2210,SHFE,0_0_     1281256,     1754329,空,开,4909.0,3,2022-04-11 09:10:22
847,rb2210,SHFE,0_0_     1284669,     1760113,空,开,4908.0,2,2022-04-11 09:10:43
848,rb2210,SHFE,0_0_     1284888,     1762901,多,平今,4907.0,2,2022-04-11 09:10:53
849,rb2210,SHFE,0_0_     1286819,     1763220,空,平今,4908.0,1,2022-04-11 09:10:54
850,rb2210,SHFE,0_0_     1286955,     1763314,多,平今,4907.0,3,2022-04-11 09:10:55
851,rb2210,SHFE,0_0_     1287012,     1763340,空,开,4908.0,3,2022-04-11 09:10:55
852,rb2210,SHFE,0_0_     1287017,     1763467,多,平今,4907.0,1,2022-04-11 09:10:55
853,rb2210,SHFE,0_0_     1287017,     1763503,多,平今,4907.0,2,2022-04-11 09:10:55
854,rb2210,SHFE,0_0_     1287079,     1763576,空,开,4908.0,2,2022-04-11 09:10:56
855,rb2210,SHFE,0_0_     1287079,     1763581,空,开,4908.0,1,2022-04-11 09:10:56
856,rb2210,SHFE,0_0_     1287115,     1763604,多,平今,4907.0,3,2022-04-11 09:10:56
857,rb2210,SHFE,0_0_     1279701,     1764052,多,平今,4906.0,1,2022-04-11 09:10:57
858,rb2210,SHFE,0_0_     1287416,     1764097,空,开,4907.0,1,2022-04-11 09:10:58
859,rb2210,SHFE,0_0_     1287121,     1768271,空,开,4908.0,3,2022-04-11 09:11:10
860,rb2210,SHFE,0_0_     1289998,     1769662,多,平今,4909.0,1,2022-04-11 09:11:15
861,rb2210,SHFE,0_0_     1290502,     1770287,多,开,4909.0,3,2022-04-11 09:11:18
862,rb2210,SHFE,0_0_     1289585,     1770504,多,平今,4907.0,1,2022-04-11 09:11:19
863,rb2210,SHFE,0_0_     1289585,     1770509,多,平今,4907.0,1,2022-04-11 09:11:19
864,rb2210,SHFE,0_0_     1289585,     1770510,多,平今,4907.0,1,2022-04-11 09:11:19
865,rb2210,SHFE,0_0_     1291791,     1772394,空,平今,4908.0,2,2022-04-11 09:11:25
866,rb2210,SHFE,0_0_     1292371,     1776155,多,开,4907.0,3,2022-04-11 09:11:35
867,rb2210,SHFE,0_0_     1293694,     1776251,空,开,4908.0,2,2022-04-11 09:11:36
868,rb2210,SHFE,0_0_     1293694,     1776255,空,开,4908.0,1,2022-04-11 09:11:36
869,rb2210,SHFE,0_0_     1293694,     1776256,空,开,4908.0,1,2022-04-11 09:11:36
870,rb2210,SHFE,0_0_     1293694,     1776264,空,开,4908.0,1,2022-04-11 09:11:36
871,rb2210,SHFE,0_0_     1293800,     1776685,多,平今,4907.0,5,2022-04-11 09:11:37
872,rb2210,SHFE,0_0_     1294208,     1777499,多,开,4908.0,4,2022-04-11 09:11:39
873,rb2210,SHFE,0_0_     1294382,     1777876,空,平今,4909.000000000001,3,2022-04-11 09:11:40
874,rb2210,SHFE,0_0_     1294382,     1777885,空,平今,4909.000000000001,1,2022-04-11 09:11:40
875,rb2210,SHFE,0_0_     1294560,     1778475,多,开,4908.0,4,2022-04-11 09:11:42
876,rb2210,SHFE,0_0_     1294948,     1778711,空,平今,4909.0,6,2022-04-11 09:11:43
877,rb2210,SHFE,0_0_     1294948,     1778742,空,平今,4909.0,1,2022-04-11 09:11:43
878,rb2210,SHFE,0_0_     1294948,     1778746,空,平今,4909.0,1,2022-04-11 09:11:43
879,rb2210,SHFE,0_0_     1295004,     1778794,多,开,4908.0,8,2022-04-11 09:11:43
880,rb2210,SHFE,0_0_     1295030,     1778820,空,平今,4909.0,1,2022-04-11 09:11:43
881,rb2210,SHFE,0_0_     1295030,     1778842,空,平今,4909.0,3,2022-04-11 09:11:43
882,rb2210,SHFE,0_0_     1295030,     1778849,空,平今,4909.0,1,2022-04-11 09:11:43
883,rb2210,SHFE,0_0_     1295030,     1778863,空,平今,4909.0,1,2022-04-11 09:11:43
884,rb2210,SHFE,0_0_     1295030,     1778865,空,平今,4909.0,2,2022-04-11 09:11:43
885,rb2210,SHFE,0_0_     1295046,     1778870,多,开,4908.0,8,2022-04-11 09:11:43
886,rb2210,SHFE,0_0_     1295053,     1778989,空,平今,4909.0,8,2022-04-11 09:11:44
887,rb2210,SHFE,0_0_     1295123,     1779256,多,开,4908.0,4,2022-04-11 09:11:45
888,rb2210,SHFE,0_0_     1295227,     1780111,空,开,4909.0,1,2022-04-11 09:11:47
889,rb2210,SHFE,0_0_     1295227,     1780116,空,开,4909.0,1,2022-04-11 09:11:47
890,rb2210,SHFE,0_0_     1295227,     1780201,空,开,4909.0,2,2022-04-11 09:11:47
891,rb2210,SHFE,0_0_     1295227,     1780206,空,开,4909.0,1,2022-04-11 09:11:47
892,rb2210,SHFE,0_0_     1295227,     1780219,空,开,4909.0,1,2022-04-11 09:11:47
893,rb2210,SHFE,0_0_     1295227,     1780222,空,开,4909.0,1,2022-04-11 09:11:47
894,rb2210,SHFE,0_0_     1295227,     1780223,空,开,4909.0,1,2022-04-11 09:11:47
895,rb2210,SHFE,0_0_     1296702,     1781383,多,平今,4909.0,2,2022-04-11 09:11:52
896,rb2210,SHFE,0_0_     1296702,     1781386,多,平今,4909.0,1,2022-04-11 09:11:52
897,rb2210,SHFE,0_0_     1296702,     1781401,多,平今,4909.0,4,2022-04-11 09:11:52
898,rb2210,SHFE,0_0_     1297080,     1782926,多,平今,4909.0,1,2022-04-11 09:11:57
899,rb2210,SHFE,0_0_     1297542,     1783510,空,平今,4910.0,1,2022-04-11 09:11:58
900,rb2210,SHFE,0_0_     1297965,     1783812,多,开,4909.0,1,2022-04-11 09:11:59
901,rb2210,SHFE,0_0_     1308618,     1805073,空,平今,4898.0,1,2022-04-11 09:12:53
902,rb2210,SHFE,0_0_     1309952,     1808213,空,开,4897.0,8,2022-04-11 09:13:01
903,rb2210,SHFE,0_0_     1311268,     1810026,多,平今,4897.0,4,2022-04-11 09:13:07
904,rb2210,SHFE,0_0_     1314106,     1813703,空,开,4898.0,3,2022-04-11 09:13:23
905,rb2210,SHFE,0_0_     1316670,     1817709,多,平今,4895.0,7,2022-04-11 09:13:38
906,rb2210,SHFE,0_0_     1316764,     1820369,空,开,4897.0,1,2022-04-11 09:13:50
907,rb2210,SHFE,0_0_     1316764,     1820485,空,开,4897.0,1,2022-04-11 09:13:50
908,rb2210,SHFE,0_0_     1316764,     1820517,空,开,4897.0,1,2022-04-11 09:13:51
909,rb2210,SHFE,0_0_     1316764,     1820527,空,开,4897.0,1,2022-04-11 09:13:51
910,rb2210,SHFE,0_0_     1319162,     1821169,多,平今,4897.0,4,2022-04-11 09:13:53
911,rb2210,SHFE,0_0_     1319463,     1821215,空,开,4898.0,3,2022-04-11 09:13:53
912,rb2210,SHFE,0_0_     1319463,     1821232,空,开,4898.0,4,2022-04-11 09:13:53
913,rb2210,SHFE,0_0_     1319468,     1821253,多,平今,4897.0,5,2022-04-11 09:13:53
914,rb2210,SHFE,0_0_     1319468,     1821259,多,平今,4897.0,2,2022-04-11 09:13:53
915,rb2210,SHFE,0_0_     1319539,     1821629,多,开,4897.0,1,2022-04-11 09:13:55
916,rb2210,SHFE,0_0_     1319539,     1821634,多,开,4897.0,1,2022-04-11 09:13:55
917,rb2210,SHFE,0_0_     1319539,     1821738,多,开,4897.0,2,2022-04-11 09:13:55
918,rb2210,SHFE,0_0_     1324094,     1830208,空,平今,4892.0,3,2022-04-11 09:14:18
919,rb2210,SHFE,0_0_     1327551,     1836077,多,开,4894.0,4,2022-04-11 09:14:33
920,rb2210,SHFE,0_0_     1322791,     1836359,空,开,4895.0,2,2022-04-11 09:14:34
921,rb2210,SHFE,0_0_     1327959,     1836511,空,平今,4894.0,1,2022-04-11 09:14:35
922,rb2210,SHFE,0_0_     1327959,     1836540,空,平今,4894.0,1,2022-04-11 09:14:35
923,rb2210,SHFE,0_0_     1328147,     1837109,空,平今,4894.0,3,2022-04-11 09:14:38
924,rb2210,SHFE,0_0_     1322791,     1837721,空,开,4895.0,2,2022-04-11 09:14:41
925,rb2210,SHFE,0_0_     1322615,     1837831,空,开,4896.0,4,2022-04-11 09:14:41
926,rb2210,SHFE,0_0_     1329271,     1838111,多,平今,4895.0,4,2022-04-11 09:14:42
927,rb2210,SHFE,0_0_     1329190,     1838157,多,平今,4894.0,1,2022-04-11 09:14:42
928,rb2210,SHFE,0_0_     1329190,     1838180,多,平今,4894.0,1,2022-04-11 09:14:42
929,rb2210,SHFE,0_0_     1329190,     1838265,多,平今,4894.0,1,2022-04-11 09:14:42
930,rb2210,SHFE,0_0_     1329408,     1838312,空,平今,4895.0,1,2022-04-11 09:14:42
931,rb2210,SHFE,0_0_     1329899,     1839420,空,开,4895.0,2,2022-04-11 09:14:45
932,rb2210,SHFE,0_0_     1330203,     1840412,多,平今,4895.0,1,2022-04-11 09:14:48
933,rb2210,SHFE,0_0_     1330459,     1840895,空,开,4896.0,1,2022-04-11 09:14:50
934,rb2210,SHFE,0_0_     1331115,     1841755,空,开,4896.0,2,2022-04-11 09:14:52
935,rb2210,SHFE,0_0_     1331317,     1841998,多,平今,4895.0,2,2022-04-11 09:14:52
936,rb2210,SHFE,0_0_     1331425,     1842398,空,开,4896.0,4,2022-04-11 09:14:53
937,rb2210,SHFE,0_0_     1331650,     1842422,多,平今,4895.0,4,2022-04-11 09:14:53
938,rb2210,SHFE,0_0_     1331659,     1844401,空,开,4896.0,4,2022-04-11 09:14:59
939,rb2210,SHFE,0_0_     1332808,     1844705,多,平今,4895.0,4,2022-04-11 09:15:00
940,rb2210,SHFE,0_0_     1333601,     1847843,多,开,4892.0,4,2022-04-11 09:15:03
941,rb2210,SHFE,0_0_     1333601,     1847844,多,开,4892.0,2,2022-04-11 09:15:03
942,rb2210,SHFE,0_0_     1334658,     1849994,多,平今,4891.0,3,2022-04-11 09:15:06
943,rb2210,SHFE,0_0_     1334797,     1850509,空,平今,4893.0,4,2022-04-11 09:15:08
944,rb2210,SHFE,0_0_     1334801,     1850664,多,开,4892.0,4,2022-04-11 09:15:08
945,rb2210,SHFE,0_0_     1334826,     1850753,空,平今,4893.0,4,2022-04-11 09:15:08
946,rb2210,SHFE,0_0_     1335274,     1852027,空,平今,4894.0,2,2022-04-11 09:15:10
947,rb2210,SHFE,0_0_     1332894,     1854314,空,开,4896.0,1,2022-04-11 09:15:16
948,rb2210,SHFE,0_0_     1332894,     1854467,空,开,4896.0,3,2022-04-11 09:15:17
949,rb2210,SHFE,0_0_     1336633,     1854477,多,平今,4895.0,3,2022-04-11 09:15:17
950,rb2210,SHFE,0_0_     1336982,     1855040,空,开,4895.0,1,2022-04-11 09:15:19
951,rb2210,SHFE,0_0_     1336639,     1855425,空,开,4896.0,3,2022-04-11 09:15:20
952,rb2210,SHFE,0_0_     1337368,     1855486,多,平今,4895.0,3,2022-04-11 09:15:20
953,rb2210,SHFE,0_0_     1337368,     1855487,多,平今,4895.0,1,2022-04-11 09:15:21
954,rb2210,SHFE,0_0_     1337368,     1855489,多,平今,4895.0,1,2022-04-11 09:15:21
955,rb2210,SHFE,0_0_     1338585,     1856798,多,开,4892.0,4,2022-04-11 09:15:26
956,rb2210,SHFE,0_0_     1339336,     1857751,空,平今,4891.0,4,2022-04-11 09:15:29
957,rb2210,SHFE,0_0_     1340686,     1861367,空,开,4891.0,2,2022-04-11 09:15:43
958,rb2210,SHFE,0_0_     1342358,     1862361,多,开,4890.0,1,2022-04-11 09:15:47
959,rb2210,SHFE,0_0_     1342358,     1862378,多,开,4890.0,1,2022-04-11 09:15:47
960,rb2210,SHFE,0_0_     1342358,     1862409,多,开,4890.0,1,2022-04-11 09:15:47
961,rb2210,SHFE,0_0_     1342358,     1862447,多,开,4890.0,1,2022-04-11 09:15:47
962,rb2210,SHFE,0_0_     1343217,     1862826,空,平今,4891.0,2,2022-04-11 09:15:49
963,rb2210,SHFE,0_0_     1343637,     1863053,空,平今,4891.0,1,2022-04-11 09:15:50
964,rb2210,SHFE,0_0_     1343637,     1863075,空,平今,4891.0,1,2022-04-11 09:15:50
965,rb2210,SHFE,0_0_     1343748,     1863171,多,开,4891.000000000001,2,2022-04-11 09:15:51
966,rb2210,SHFE,0_0_     1343796,     1863213,多,开,4891.0,4,2022-04-11 09:15:51
967,rb2210,SHFE,0_0_     1343464,     1863468,多,平今,4890.0,2,2022-04-11 09:15:52
968,rb2210,SHFE,0_0_     1345502,     1866184,空,开,4889.0,6,2022-04-11 09:16:01
969,rb2210,SHFE,0_0_     1345364,     1866997,空,平今,4890.0,2,2022-04-11 09:16:03
970,rb2210,SHFE,0_0_     1346006,     1867601,多,平今,4890.0,4,2022-04-11 09:16:04
971,rb2210,SHFE,0_0_     1346164,     1868017,多,平今,4890.000000000001,1,2022-04-11 09:16:07
972,rb2210,SHFE,0_0_     1346499,     1868047,空,开,4891.0,2,2022-04-11 09:16:07
973,rb2210,SHFE,0_0_     1346499,     1868057,空,开,4891.0,1,2022-04-11 09:16:07
974,rb2210,SHFE,0_0_     1346499,     1868063,空,开,4891.0,1,2022-04-11 09:16:07
975,rb2210,SHFE,0_0_     1346525,     1868108,多,平今,4890.0,4,2022-04-11 09:16:07
976,rb2210,SHFE,0_0_     1348450,     1871849,空,平今,4892.000000000001,1,2022-04-11 09:16:21
977,rb2210,SHFE,0_0_     1350575,     1873276,多,开,4892.0,2,2022-04-11 09:16:27
978,rb2210,SHFE,0_0_     1355240,     1881970,空,平今,4895.0,4,2022-04-11 09:17:07
979,rb2210,SHFE,0_0_     1357594,     1882030,多,开,4894.0,1,2022-04-11 09:17:08
980,rb2210,SHFE,0_0_     1357594,     1882061,多,开,4894.0,3,2022-04-11 09:17:08
981,rb2210,SHFE,0_0_     1358765,     1883916,多,开,4895.0,1,2022-04-11 09:17:14
982,rb2210,SHFE,0_0_     1358754,     1883918,空,平今,4896.0,3,2022-04-11 09:17:14
983,rb2210,SHFE,0_0_     1358852,     1885693,空,开,4896.0,4,2022-04-11 09:17:25
984,rb2210,SHFE,0_0_     1361235,     1886017,多,平今,4895.0,1,2022-04-11 09:17:27
985,rb2210,SHFE,0_0_     1361235,     1886019,多,平今,4895.0,1,2022-04-11 09:17:27
986,rb2210,SHFE,0_0_     1361235,     1886053,多,平今,4895.0,1,2022-04-11 09:17:28
987,rb2210,SHFE,0_0_     1361235,     1886098,多,平今,4895.0,1,2022-04-11 09:17:28
988,rb2210,SHFE,0_0_     1361992,     1886198,空,平今,4896.0,1,2022-04-11 09:17:28
989,rb2210,SHFE,0_0_     1361992,     1886232,空,平今,4896.0,1,2022-04-11 09:17:29
990,rb2210,SHFE,0_0_     1361992,     1886235,空,平今,4896.0,1,2022-04-11 09:17:29
991,rb2210,SHFE,0_0_     1362037,     1886466,多,开,4895.0,2,2022-04-11 09:17:30
992,rb2210,SHFE,0_0_     1362199,     1886644,空,平今,4896.0,1,2022-04-11 09:17:31
993,rb2210,SHFE,0_0_     1362199,     1886689,空,平今,4896.0,1,2022-04-11 09:17:31
994,rb2210,SHFE,0_0_     1362483,     1886806,多,开,4895.0,1,2022-04-11 09:17:32
995,rb2210,SHFE,0_0_     1320037,     1896546,空,平今,4898.0,2,2022-04-11 09:18:15
996,rb2210,SHFE,0_0_     1370481,     1896946,多,开,4898.0,1,2022-04-11 09:18:17
997,rb2210,SHFE,0_0_     1370481,     1896947,多,开,4898.0,2,2022-04-11 09:18:17
998,rb2210,SHFE,0_0_     1375917,     1910379,多,平今,4902.0,1,2022-04-11 09:19:03
999,rb2210,SHFE,0_0_     1378915,     1911028,多,开,4903.000000000001,1,2022-04-11 09:19:05
1000,rb2210,SHFE,0_0_     1378981,     1911286,空,平今,4904.000000000001,1,2022-04-11 09:19:06
1001,rb2210,SHFE,0_0_     1380716,     1915814,多,开,4906.0,3,2022-04-11 09:19:19
1002,rb2210,SHFE,0_0_     1385232,     1923212,空,平今,4906.0,1,2022-04-11 09:19:49
1003,rb2210,SHFE,0_0_     1385232,     1923214,空,平今,4906.0,1,2022-04-11 09:19:49
1004,rb2210,SHFE,0_0_     1385232,     1923271,空,平今,4906.0,1,2022-04-11 09:19:50
1005,rb2210,SHFE,0_0_     1385308,     1923278,多,开,4905.0,1,2022-04-11 09:19:50
1006,rb2210,SHFE,0_0_     1385309,     1923319,空,平今,4906.0,1,2022-04-11 09:19:50
1007,rb2210,SHFE,0_0_     1385324,     1923906,多,开,4905.0,1,2022-04-11 09:19:52
1008,rb2210,SHFE,0_0_     1379146,     1925036,多,开,4903.0,1,2022-04-11 09:19:58
1009,rb2210,SHFE,0_0_     1386767,     1925134,空,平今,4904.0,1,2022-04-11 09:19:58
1010,rb2210,SHFE,0_0_     1385856,     1925215,空,平今,4906.0,1,2022-04-11 09:19:59
1011,rb2210,SHFE,0_0_     1386849,     1925582,多,开,4905.0,1,2022-04-11 09:20:00
1012,rb2210,SHFE,0_0_     1386949,     1925744,空,平今,4906.0,1,2022-04-11 09:20:00
1013,rb2210,SHFE,0_0_     1386973,     1925764,多,开,4905.0,1,2022-04-11 09:20:00
1014,rb2210,SHFE,0_0_     1386986,     1925996,空,平今,4906.0,1,2022-04-11 09:20:01
1015,rb2210,SHFE,0_0_     1387987,     1927680,空,平今,4909.0,2,2022-04-11 09:20:06
1016,rb2210,SHFE,0_0_     1388316,     1928453,多,开,4910.0,1,2022-04-11 09:20:08
1017,rb2210,SHFE,0_0_     1388386,     1933850,空,平今,4911.0,1,2022-04-11 09:20:26
1018,rb2210,SHFE,0_0_     1391416,     1935448,多,开,4911.0,3,2022-04-11 09:20:31
1019,rb2210,SHFE,0_0_     1392428,     1935480,空,平今,4912.0,3,2022-04-11 09:20:31
1020,rb2210,SHFE,0_0_     1392844,     1936357,多,开,4911.0,3,2022-04-11 09:20:34
1021,rb2210,SHFE,0_0_     1393893,     1937768,空,平今,4913.0,1,2022-04-11 09:20:39
1022,rb2210,SHFE,0_0_     1393893,     1937771,空,平今,4913.0,3,2022-04-11 09:20:39
1023,rb2210,SHFE,0_0_     1393941,     1938025,多,开,4912.0,4,2022-04-11 09:20:40
1024,rb2210,SHFE,0_0_     1394163,     1938182,空,平今,4913.0,4,2022-04-11 09:20:41
1025,rb2210,SHFE,0_0_     1394963,     1939237,多,开,4912.0,1,2022-04-11 09:20:46
1026,rb2210,SHFE,0_0_     1395833,     1940563,多,开,4911.0,4,2022-04-11 09:20:53
1027,rb2210,SHFE,0_0_     1402309,     1951892,多,开,4911.0,1,2022-04-11 09:21:37
1028,rb2210,SHFE,0_0_     1405345,     1958021,空,平今,4909.0,1,2022-04-11 09:22:03
1029,rb2210,SHFE,0_0_     1413267,     1968229,空,开,4910.0,7,2022-04-11 09:23:00
1030,rb2210,SHFE,0_0_     1417722,     1975057,多,平今,4909.0,1,2022-04-11 09:23:42
1031,rb2210,SHFE,0_0_     1418510,     1975151,空,平今,4909.0,1,2022-04-11 09:23:42
1032,rb2210,SHFE,0_0_     1418646,     1975326,空,平今,4909.0,1,2022-04-11 09:23:44
1033,rb2210,SHFE,0_0_     1387039,     1977937,多,开,4905.0,1,2022-04-11 09:24:01
1034,rb2210,SHFE,0_0_     1420940,     1978031,空,平今,4906.0,1,2022-04-11 09:24:01
1035,rb2210,SHFE,0_0_     1423631,     1981283,空,平今,4904.0,1,2022-04-11 09:24:17
1036,rb2210,SHFE,0_0_     1429882,     1990550,多,平今,4905.0,1,2022-04-11 09:25:01
1037,rb2210,SHFE,0_0_     1429882,     1990589,多,平今,4905.0,3,2022-04-11 09:25:01
1038,rb2210,SHFE,0_0_     1418646,     1992376,空,平今,4909.0,3,2022-04-11 09:25:05
1039,rb2210,SHFE,0_0_     1430947,     1993105,多,平今,4908.0,1,2022-04-11 09:25:08
1040,rb2210,SHFE,0_0_     1433939,     1995273,多,开,4911.0,4,2022-04-11 09:25:17
1041,rb2210,SHFE,0_0_     1434430,     1996579,空,平今,4911.0,1,2022-04-11 09:25:22
1042,rb2210,SHFE,0_0_     1434430,     1996637,空,平今,4911.0,2,2022-04-11 09:25:23
1043,rb2210,SHFE,0_0_     1435298,     1997959,多,开,4912.0,3,2022-04-11 09:25:26
1044,rb2210,SHFE,0_0_     1438889,     2002735,多,开,4915.0,1,2022-04-11 09:25:51
1045,rb2210,SHFE,0_0_     1438889,     2002745,多,开,4915.0,1,2022-04-11 09:25:51
1046,rb2210,SHFE,0_0_     1438889,     2002747,多,开,4915.0,1,2022-04-11 09:25:51
1047,rb2210,SHFE,0_0_     1438889,     2002756,多,开,4915.0,1,2022-04-11 09:25:51
1048,rb2210,SHFE,0_0_     1439229,     2002858,空,平今,4916.0,4,2022-04-11 09:25:52
1049,rb2210,SHFE,0_0_     1439286,     2003060,空,平今,4916.000000000001,4,2022-04-11 09:25:53
1050,rb2210,SHFE,0_0_     1439420,     2003328,空,开,4916.0,1,2022-04-11 09:25:54
1051,rb2210,SHFE,0_0_     1439655,     2003452,多,平今,4915.0,1,2022-04-11 09:25:55
1052,rb2210,SHFE,0_0_     1439716,     2003565,空,开,4916.0,1,2022-04-11 09:25:56
1053,rb2210,SHFE,0_0_     1439791,     2003653,多,开,4915.0,1,2022-04-11 09:25:56
1054,rb2210,SHFE,0_0_     1439791,     2003654,多,开,4915.0,4,2022-04-11 09:25:56
1055,rb2210,SHFE,0_0_     1439884,     2003851,空,平今,4916.0,1,2022-04-11 09:25:57
1056,rb2210,SHFE,0_0_     1440393,     2004811,空,开,4913.0,4,2022-04-11 09:26:01
1057,rb2210,SHFE,0_0_     1440393,     2004841,空,开,4913.0,1,2022-04-11 09:26:01
1058,rb2210,SHFE,0_0_     1440393,     2004929,空,开,4913.0,1,2022-04-11 09:26:01
1059,rb2210,SHFE,0_0_     1440760,     2006022,多,平今,4912.0,1,2022-04-11 09:26:06
1060,rb2210,SHFE,0_0_     1440760,     2006023,多,平今,4912.0,1,2022-04-11 09:26:06
1061,rb2210,SHFE,0_0_     1440760,     2006024,多,平今,4912.0,1,2022-04-11 09:26:06
1062,rb2210,SHFE,0_0_     1442458,     2007216,空,平今,4913.0,2,2022-04-11 09:26:13
1063,rb2210,SHFE,0_0_     1442473,     2007259,多,平今,4912.0,1,2022-04-11 09:26:13
1064,rb2210,SHFE,0_0_     1442473,     2007293,多,平今,4912.0,1,2022-04-11 09:26:13
1065,rb2210,SHFE,0_0_     1442604,     2010697,空,平今,4913.0,1,2022-04-11 09:26:35
1066,rb2210,SHFE,0_0_     1446784,     2011167,多,开,4914.0,3,2022-04-11 09:26:37
1067,rb2210,SHFE,0_0_     1446527,     2012134,多,开,4913.0,4,2022-04-11 09:26:44
1068,rb2210,SHFE,0_0_     1446373,     2013489,多,平今,4912.0,1,2022-04-11 09:26:49
1069,rb2210,SHFE,0_0_     1449603,     2014420,多,平今,4912.000000000001,1,2022-04-11 09:26:54
1070,rb2210,SHFE,0_0_     1450523,     2015720,空,平今,4910.0,5,2022-04-11 09:27:01
1071,rb2210,SHFE,0_0_     1450523,     2015721,空,平今,4910.0,1,2022-04-11 09:27:01
1072,rb2210,SHFE,0_0_     1450523,     2015722,空,平今,4910.0,1,2022-04-11 09:27:01
1073,rb2210,SHFE,0_0_     1451012,     2016881,空,开,4910.0,6,2022-04-11 09:27:07
1074,rb2210,SHFE,0_0_     1450437,     2018923,空,平今,4911.0,1,2022-04-11 09:27:16
1075,rb2210,SHFE,0_0_     1452548,     2022298,多,平今,4910.0,3,2022-04-11 09:27:46
1076,rb2210,SHFE,0_0_     1452548,     2022343,多,平今,4910.0,1,2022-04-11 09:27:46
1077,rb2210,SHFE,0_0_     1456005,     2023962,多,开,4911.0,1,2022-04-11 09:28:02
1078,rb2210,SHFE,0_0_     1456005,     2023963,多,开,4911.0,1,2022-04-11 09:28:02
1079,rb2210,SHFE,0_0_     1456005,     2023964,多,开,4911.0,1,2022-04-11 09:28:02
1080,rb2210,SHFE,0_0_     1456005,     2023965,多,开,4911.0,1,2022-04-11 09:28:02
1081,rb2210,SHFE,0_0_     1456005,     2023976,多,开,4911.0,1,2022-04-11 09:28:02
1082,rb2210,SHFE,0_0_     1456005,     2023978,多,开,4911.0,1,2022-04-11 09:28:02
1083,rb2210,SHFE,0_0_     1457357,     2024293,空,平今,4912.0,1,2022-04-11 09:28:04
1084,rb2210,SHFE,0_0_     1458087,     2025002,多,平今,4912.0,1,2022-04-11 09:28:11
1085,rb2210,SHFE,0_0_     1462363,     2028776,多,平今,4911.0,1,2022-04-11 09:28:41
1086,rb2210,SHFE,0_0_     1462363,     2028814,多,平今,4911.0,1,2022-04-11 09:28:41
1087,rb2210,SHFE,0_0_     1466463,     2033697,多,开,4909.0,3,2022-04-11 09:29:14
1088,rb2210,SHFE,0_0_     1466887,     2033948,空,平今,4910.0,1,2022-04-11 09:29:16
1089,rb2210,SHFE,0_0_     1468145,     2035272,空,开,4907.0,1,2022-04-11 09:29:23
1090,rb2210,SHFE,0_0_     1468145,     2035273,空,开,4907.0,1,2022-04-11 09:29:23
1091,rb2210,SHFE,0_0_     1468145,     2035274,空,开,4907.0,1,2022-04-11 09:29:23
1092,rb2210,SHFE,0_0_     1468145,     2035275,空,开,4907.0,1,2022-04-11 09:29:23
1093,rb2210,SHFE,0_0_     1468145,     2035284,空,开,4907.0,4,2022-04-11 09:29:23
1094,rb2210,SHFE,0_0_     1470068,     2037525,多,平今,4904.0,2,2022-04-11 09:29:39
1095,rb2210,SHFE,0_0_     1471587,     2040949,多,平今,4906.0,3,2022-04-11 09:29:57
1096,rb2210,SHFE,0_0_     1476906,     2045877,空,平今,4906.0,2,2022-04-11 09:30:19
1097,rb2210,SHFE,0_0_     1473732,     2046377,空,开,4907.0,3,2022-04-11 09:30:22
1098,rb2210,SHFE,0_0_     1467266,     2047376,空,平今,4909.0,1,2022-04-11 09:30:28
1099,rb2210,SHFE,0_0_     1467266,     2047394,空,平今,4909.0,1,2022-04-11 09:30:28
1100,rb2210,SHFE,0_0_     1467266,     2047397,空,平今,4909.0,1,2022-04-11 09:30:28
1101,rb2210,SHFE,0_0_     1467266,     2047425,空,平今,4909.0,1,2022-04-11 09:30:28
1102,rb2210,SHFE,0_0_     1479267,     2047537,多,开,4908.0,4,2022-04-11 09:30:30
1103,rb2210,SHFE,0_0_     1487819,     2056590,空,平今,4905.0,1,2022-04-11 09:31:28
1104,rb2210,SHFE,0_0_     1488474,     2057304,多,平今,4904.0,1,2022-04-11 09:31:33
1105,rb2210,SHFE,0_0_     1503404,     2073179,空,平今,4904.0,2,2022-04-11 09:33:32
1106,rb2210,SHFE,0_0_     1503763,     2073201,多,平今,4903.0,2,2022-04-11 09:33:33
1107,rb2210,SHFE,0_0_     1503786,     2074326,空,开,4904.0,2,2022-04-11 09:33:40
1108,rb2210,SHFE,0_0_     1504926,     2074445,多,平今,4903.0,5,2022-04-11 09:33:41
1109,rb2210,SHFE,0_0_     1509051,     2078432,多,开,4904.0,2,2022-04-11 09:34:07
1110,rb2210,SHFE,0_0_     1509051,     2078433,多,开,4904.0,1,2022-04-11 09:34:07
1111,rb2210,SHFE,0_0_     1509051,     2078434,多,开,4904.0,2,2022-04-11 09:34:07
1112,rb2210,SHFE,0_0_     1527839,     2096474,多,开,4898.0,1,2022-04-11 09:35:57
1113,rb2210,SHFE,0_0_     1527995,     2096624,空,平今,4899.0,1,2022-04-11 09:35:58
1114,rb2210,SHFE,0_0_     1528115,     2098069,多,开,4898.0,1,2022-04-11 09:36:08
1115,rb2210,SHFE,0_0_     1531172,     2099696,空,平今,4900.0,3,2022-04-11 09:36:17
1116,rb2210,SHFE,0_0_     1520864,     2108491,空,平今,4905.0,1,2022-04-11 09:37:20
1117,rb2210,SHFE,0_0_     1520864,     2108510,空,平今,4905.0,1,2022-04-11 09:37:20
1118,rb2210,SHFE,0_0_     1539464,     2109126,多,开,4904.000000000001,1,2022-04-11 09:37:24
1119,rb2210,SHFE,0_0_     1545996,     2124214,多,开,4903.0,1,2022-04-11 09:39:10
1120,rb2210,SHFE,0_0_     1555138,     2124316,空,平今,4904.0,1,2022-04-11 09:39:11
1121,rb2210,SHFE,0_0_     1531204,     2132595,多,开,4899.0,1,2022-04-11 09:40:05
1122,rb2210,SHFE,0_0_     1531204,     2132596,多,开,4899.0,1,2022-04-11 09:40:05
1123,rb2210,SHFE,0_0_     1531204,     2132597,多,开,4899.0,1,2022-04-11 09:40:05
1124,rb2210,SHFE,0_0_     1565335,     2132922,空,开,4898.0,1,2022-04-11 09:40:06
1125,rb2210,SHFE,0_0_     1565335,     2132950,空,开,4898.0,1,2022-04-11 09:40:06
1126,rb2210,SHFE,0_0_     1565335,     2132996,空,开,4898.0,1,2022-04-11 09:40:06
1127,rb2210,SHFE,0_0_     1565335,     2133016,空,开,4898.0,1,2022-04-11 09:40:06
1128,rb2210,SHFE,0_0_     1565335,     2133017,空,开,4898.0,1,2022-04-11 09:40:06
1129,rb2210,SHFE,0_0_     1565335,     2133032,空,开,4898.0,1,2022-04-11 09:40:06
1130,rb2210,SHFE,0_0_     1565335,     2133035,空,开,4898.0,1,2022-04-11 09:40:06
1131,rb2210,SHFE,0_0_     1565335,     2133038,空,开,4898.0,1,2022-04-11 09:40:06
1132,rb2210,SHFE,0_0_     1573825,     2140272,多,平今,4902.0,1,2022-04-11 09:40:59
1133,rb2210,SHFE,0_0_     1577979,     2145302,多,平今,4900.0,2,2022-04-11 09:41:41
1134,rb2210,SHFE,0_0_     1578684,     2145737,空,平今,4900.0,1,2022-04-11 09:41:44
1135,rb2210,SHFE,0_0_     1579371,     2146559,空,平今,4901.0,1,2022-04-11 09:41:55
1136,rb2210,SHFE,0_0_     1579837,     2146736,多,平今,4900.0,1,2022-04-11 09:41:57
1137,rb2210,SHFE,0_0_     1580627,     2147649,空,平今,4897.0,2,2022-04-11 09:42:02
1138,rb2210,SHFE,0_0_     1582212,     2149373,空,开,4897.0,2,2022-04-11 09:42:14
1139,rb2210,SHFE,0_0_     1582582,     2149659,多,平今,4896.0,2,2022-04-11 09:42:16
1140,rb2210,SHFE,0_0_     1582851,     2149839,空,开,4897.0,2,2022-04-11 09:42:18
1141,rb2210,SHFE,0_0_     1583034,     2150080,多,平今,4896.0,1,2022-04-11 09:42:20
1142,rb2210,SHFE,0_0_     1583034,     2150081,多,平今,4896.0,1,2022-04-11 09:42:20
1143,rb2210,SHFE,0_0_     1591199,     2159062,多,平今,4892.0,4,2022-04-11 09:43:12
1144,rb2210,SHFE,0_0_     1591217,     2159256,多,开,4891.0,1,2022-04-11 09:43:13
1145,rb2210,SHFE,0_0_     1592168,     2160076,空,开,4890.0,8,2022-04-11 09:43:17
1146,rb2210,SHFE,0_0_     1592978,     2161989,多,平今,4889.0,1,2022-04-11 09:43:25
1147,rb2210,SHFE,0_0_     1598766,     2169569,多,平今,4889.0,3,2022-04-11 09:43:59
1148,rb2210,SHFE,0_0_     1598932,     2169804,空,开,4890.0,3,2022-04-11 09:44:00
1149,rb2210,SHFE,0_0_     1602869,     2175641,多,平今,4894.0,4,2022-04-11 09:44:49
1150,rb2210,SHFE,0_0_     1606213,     2175949,空,平今,4894.0,4,2022-04-11 09:44:50
1151,rb2210,SHFE,0_0_     1612266,     2182573,多,开,4898.0,5,2022-04-11 09:45:20
1152,rb2210,SHFE,0_0_     1612266,     2182574,多,开,4898.0,1,2022-04-11 09:45:20
1153,rb2210,SHFE,0_0_     1613709,     2184490,空,平今,4898.0,2,2022-04-11 09:45:33
1154,rb2210,SHFE,0_0_     1619883,     2196048,多,开,4894.0,1,2022-04-11 09:47:01
1155,rb2210,SHFE,0_0_     1619883,     2196053,多,开,4894.0,1,2022-04-11 09:47:01
1156,rb2210,SHFE,0_0_     1619883,     2196057,多,开,4894.0,1,2022-04-11 09:47:01
1157,rb2210,SHFE,0_0_     1626251,     2196965,空,平今,4894.0,1,2022-04-11 09:47:08
1158,rb2210,SHFE,0_0_     1626251,     2196969,空,平今,4894.0,2,2022-04-11 09:47:08
1159,rb2210,SHFE,0_0_     1627664,     2198253,空,平今,4896.0,1,2022-04-11 09:47:12
1160,rb2210,SHFE,0_0_     1627664,     2199280,空,平今,4896.0,2,2022-04-11 09:47:18
1161,rb2210,SHFE,0_0_     1627411,     2199333,空,开,4898.0,5,2022-04-11 09:47:18
1162,rb2210,SHFE,0_0_     1629128,     2199407,多,平今,4897.0,1,2022-04-11 09:47:18
1163,rb2210,SHFE,0_0_     1633215,     2212110,多,开,4895.0,3,2022-04-11 09:48:53
1164,rb2210,SHFE,0_0_     1642559,     2213045,空,平今,4894.0,2,2022-04-11 09:49:01
1165,rb2210,SHFE,0_0_     1651216,     2221396,空,平今,4894.0,2,2022-04-11 09:49:52
1166,rb2210,SHFE,0_0_     1651493,     2222661,多,平今,4893.0,2,2022-04-11 09:50:00
1167,rb2210,SHFE,0_0_     1653038,     2222730,空,开,4894.0,2,2022-04-11 09:50:01
1168,rb2210,SHFE,0_0_     1653078,     2222860,多,平今,4893.0,2,2022-04-11 09:50:02
1169,rb2210,SHFE,0_0_     1653204,     2223267,空,开,4894.0,2,2022-04-11 09:50:04
1170,rb2210,SHFE,0_0_     1655055,     2225056,多,平今,4895.0,4,2022-04-11 09:50:14
1171,rb2210,SHFE,0_0_     1599221,     2230895,多,平今,4889.0,3,2022-04-11 09:50:52
1172,rb2210,SHFE,0_0_     1660938,     2230974,空,开,4890.000000000001,3,2022-04-11 09:50:53
1173,rb2210,SHFE,0_0_     1660958,     2231195,多,平今,4889.0,3,2022-04-11 09:50:54
1174,rb2210,SHFE,0_0_     1661043,     2231429,多,开,4889.0,1,2022-04-11 09:50:56
1175,rb2210,SHFE,0_0_     1662259,     2234776,多,开,4892.0,1,2022-04-11 09:51:14
1176,rb2210,SHFE,0_0_     1662259,     2234777,多,开,4892.0,2,2022-04-11 09:51:14
1177,rb2210,SHFE,0_0_     1662259,     2234778,多,开,4892.0,2,2022-04-11 09:51:14
1178,rb2210,SHFE,0_0_     1662259,     2234779,多,开,4892.0,1,2022-04-11 09:51:14
1179,rb2210,SHFE,0_0_     1669838,     2240353,多,开,4893.0,1,2022-04-11 09:51:54
1180,rb2210,SHFE,0_0_     1669872,     2240622,空,平今,4894.000000000001,1,2022-04-11 09:51:56
1181,rb2210,SHFE,0_0_     1655427,     2241582,空,开,4896.0,1,2022-04-11 09:52:01
1182,rb2210,SHFE,0_0_     1655427,     2241584,空,开,4896.0,2,2022-04-11 09:52:01
1183,rb2210,SHFE,0_0_     1655427,     2241586,空,开,4896.0,1,2022-04-11 09:52:01
1184,rb2210,SHFE,0_0_     1671370,     2241607,多,平今,4895.0,4,2022-04-11 09:52:02
1185,rb2210,SHFE,0_0_     1675573,     2245686,空,平今,4898.0,2,2022-04-11 09:52:33
1186,rb2210,SHFE,0_0_     1678194,     2247484,空,平今,4897.0,2,2022-04-11 09:52:50
1187,rb2210,SHFE,0_0_     1686557,     2254546,空,开,4895.0,6,2022-04-11 09:53:50
1188,rb2210,SHFE,0_0_     1701801,     2266751,空,平今,4898.0,2,2022-04-11 09:55:55
1189,rb2210,SHFE,0_0_     1706692,     2271140,多,平今,4894.0,4,2022-04-11 09:56:32
1190,rb2210,SHFE,0_0_     1707088,     2271300,空,开,4894.0,2,2022-04-11 09:56:34
1191,rb2210,SHFE,0_0_     1714957,     2280049,多,平今,4886.0,2,2022-04-11 09:57:38
1192,rb2210,SHFE,0_0_     1715161,     2280275,多,平今,4886.0,2,2022-04-11 09:57:39
1193,rb2210,SHFE,0_0_     1715320,     2280468,空,开,4887.0,4,2022-04-11 09:57:40
1194,rb2210,SHFE,0_0_     1715411,     2280505,多,平今,4886.0,4,2022-04-11 09:57:40
1195,rb2210,SHFE,0_0_     1715421,     2280518,多,开,4886.0,5,2022-04-11 09:57:41
1196,rb2210,SHFE,0_0_     1715420,     2280534,空,开,4887.0,1,2022-04-11 09:57:41
1197,rb2210,SHFE,0_0_     1715420,     2280538,空,开,4887.0,1,2022-04-11 09:57:41
1198,rb2210,SHFE,0_0_     1715420,     2280539,空,开,4887.0,1,2022-04-11 09:57:41
1199,rb2210,SHFE,0_0_     1715420,     2280540,空,开,4887.0,1,2022-04-11 09:57:41
1200,rb2210,SHFE,0_0_     1715597,     2280688,空,平今,4887.0,1,2022-04-11 09:57:42
1201,rb2210,SHFE,0_0_     1715597,     2280695,空,平今,4887.0,5,2022-04-11 09:57:42
1202,rb2210,SHFE,0_0_     1715707,     2284468,多,平今,4886.0,4,2022-04-11 09:58:08
1203,rb2210,SHFE,0_0_     1735799,     2305386,多,开,4885.0,5,2022-04-11 10:00:12
1204,rb2210,SHFE,0_0_     1735799,     2305427,多,开,4885.0,3,2022-04-11 10:00:13
1205,rb2210,SHFE,0_0_     1737801,     2305824,空,平今,4886.0,4,2022-04-11 10:00:15
1206,rb2210,SHFE,0_0_     1739338,     2310402,空,开,4885.0,3,2022-04-11 10:00:30
1207,rb2210,SHFE,0_0_     1739338,     2310404,空,开,4885.0,1,2022-04-11 10:00:30
1208,rb2210,SHFE,0_0_     1738265,     2311293,空,平今,4886.0,4,2022-04-11 10:00:32
1209,rb2210,SHFE,0_0_     1742527,     2312943,多,平今,4886.0,4,2022-04-11 10:00:41
1210,rb2210,SHFE,0_0_     1728553,     2314761,空,开,4889.0,3,2022-04-11 10:00:52
1211,rb2210,SHFE,0_0_     1728553,     2314762,空,开,4889.0,1,2022-04-11 10:00:52
1212,rb2210,SHFE,0_0_     1743944,     2314787,多,平今,4888.0,1,2022-04-11 10:00:52
1213,rb2210,SHFE,0_0_     1743944,     2314807,多,平今,4888.0,1,2022-04-11 10:00:52
1214,rb2210,SHFE,0_0_     1743944,     2314814,多,平今,4888.0,2,2022-04-11 10:00:52
1215,rb2210,SHFE,0_0_     1758585,     2329001,多,开,4884.0,1,2022-04-11 10:02:22
1216,rb2210,SHFE,0_0_     1758768,     2329328,多,开,4884.0,4,2022-04-11 10:02:24
1217,rb2210,SHFE,0_0_     1759073,     2329540,多,开,4884.0,3,2022-04-11 10:02:25
1218,rb2210,SHFE,0_0_     1760853,     2333334,空,平今,4882.0,1,2022-04-11 10:02:42
1219,rb2210,SHFE,0_0_     1762459,     2336048,多,开,4882.0,1,2022-04-11 10:02:54
1220,rb2210,SHFE,0_0_     1765749,     2339716,空,平今,4882.0,4,2022-04-11 10:03:12
1221,rb2210,SHFE,0_0_     1773759,     2350955,空,平今,4881.0,3,2022-04-11 10:04:09
1222,rb2210,SHFE,0_0_     1776275,     2353316,多,开,4881.0,2,2022-04-11 10:04:25
1223,rb2210,SHFE,0_0_     1776531,     2353370,空,平今,4882.0,1,2022-04-11 10:04:26
1224,rb2210,SHFE,0_0_     1777322,     2354088,多,开,4882.0,2,2022-04-11 10:04:30
1225,rb2210,SHFE,0_0_     1779143,     2355973,空,平今,4881.0,2,2022-04-11 10:04:39
1226,rb2210,SHFE,0_0_     1779755,     2356692,空,平今,4881.0,1,2022-04-11 10:04:45
1227,rb2210,SHFE,0_0_     1780250,     2356859,多,开,4880.0,3,2022-04-11 10:04:46
1228,rb2210,SHFE,0_0_     1780460,     2357056,空,平今,4881.0,4,2022-04-11 10:04:47
1229,rb2210,SHFE,0_0_     1780979,     2357576,多,开,4880.0,1,2022-04-11 10:04:51
1230,rb2210,SHFE,0_0_     1781097,     2357934,空,平今,4881.0,1,2022-04-11 10:04:52
1231,rb2210,SHFE,0_0_     1781205,     2358013,多,开,4880.0,4,2022-04-11 10:04:53
1232,rb2210,SHFE,0_0_     1781255,     2358421,空,平今,4880.0,1,2022-04-11 10:04:54
1233,rb2210,SHFE,0_0_     1781255,     2358492,空,平今,4880.0,1,2022-04-11 10:04:54
1234,rb2210,SHFE,0_0_     1781255,     2358493,空,平今,4880.0,1,2022-04-11 10:04:54
