,code,exchange,orderid,tradeid,direction,offset,price,volume,datetime
0,rb2210,SHFE,0_0_         273,       31404,多,平昨,5028.0,1,2022-04-12 21:00:13
1,rb2210,SHFE,0_0_         273,       31633,多,平昨,5028.0,1,2022-04-12 21:00:14
2,rb2210,SHFE,0_0_         273,       31643,多,平昨,5028.0,3,2022-04-12 21:00:14
3,rb2210,SHFE,0_0_         404,       34435,空,平昨,5032.0,1,2022-04-12 21:00:17
4,rb2210,SHFE,0_0_         436,       34468,多,平昨,5031.0,1,2022-04-12 21:00:17
5,rb2210,SHFE,0_0_         640,       43511,空,开,5031.0,8,2022-04-12 21:00:25
6,rb2210,SHFE,0_0_         845,       48598,空,平昨,5029.0,3,2022-04-12 21:00:31
7,rb2210,SHFE,0_0_         875,       49677,空,平昨,5029.0,1,2022-04-12 21:00:32
8,rb2210,SHFE,0_0_         878,       49748,多,平今,5028.0,1,2022-04-12 21:00:32
9,rb2210,SHFE,0_0_         903,       50428,多,平今,5029.0,4,2022-04-12 21:00:33
10,rb2210,SHFE,0_0_        1378,       63427,多,平今,5023.000000000001,1,2022-04-12 21:00:50
11,rb2210,SHFE,0_0_        1378,       63480,多,平今,5023.0,1,2022-04-12 21:00:50
12,rb2210,SHFE,0_0_        1378,       63537,多,平今,5023.0,1,2022-04-12 21:00:50
13,rb2210,SHFE,0_0_        1380,       64238,空,开,5024.0,3,2022-04-12 21:00:51
14,rb2210,SHFE,0_0_        1429,       64714,空,平昨,5024.0,1,2022-04-12 21:00:51
15,rb2210,SHFE,0_0_        1437,       64865,多,平今,5023.0,1,2022-04-12 21:00:52
16,rb2210,SHFE,0_0_        1450,       65010,空,开,5024.0,1,2022-04-12 21:00:52
17,rb2210,SHFE,0_0_        1675,       69183,多,开,5024.0,1,2022-04-12 21:00:59
18,rb2210,SHFE,0_0_        1675,       69276,多,开,5024.0,1,2022-04-12 21:00:59
19,rb2210,SHFE,0_0_        1675,       69278,多,开,5024.0,1,2022-04-12 21:00:59
20,rb2210,SHFE,0_0_        1675,       69366,多,开,5024.0,1,2022-04-12 21:00:59
21,rb2210,SHFE,0_0_        1675,       69368,多,开,5024.0,2,2022-04-12 21:00:59
22,rb2210,SHFE,0_0_        1675,       69369,多,开,5024.0,2,2022-04-12 21:00:59
23,rb2210,SHFE,0_0_        1769,       70707,空,平今,5025.0,8,2022-04-12 21:01:01
24,rb2210,SHFE,0_0_        1451,       71220,多,平今,5023.0,1,2022-04-12 21:01:01
25,rb2210,SHFE,0_0_        1805,       71558,多,平今,5024.0,1,2022-04-12 21:01:02
26,rb2210,SHFE,0_0_        1805,       71559,多,平今,5024.0,1,2022-04-12 21:01:02
27,rb2210,SHFE,0_0_        1817,       72116,多,开,5023.0,1,2022-04-12 21:01:02
28,rb2210,SHFE,0_0_        1817,       72200,多,开,5023.0,1,2022-04-12 21:01:02
29,rb2210,SHFE,0_0_        1893,       73904,多,开,5022.0,1,2022-04-12 21:01:05
30,rb2210,SHFE,0_0_        1922,       74749,空,平今,5023.0,1,2022-04-12 21:01:06
31,rb2210,SHFE,0_0_        1997,       75054,多,开,5022.0,4,2022-04-12 21:01:07
32,rb2210,SHFE,0_0_        2049,       76336,空,平今,5021.0,6,2022-04-12 21:01:09
33,rb2210,SHFE,0_0_        2237,       85377,多,开,5019.0,2,2022-04-12 21:01:23
34,rb2210,SHFE,0_0_        3319,       96918,空,开,5023.0,4,2022-04-12 21:01:45
35,rb2210,SHFE,0_0_        2954,      102207,多,开,5020.0,2,2022-04-12 21:01:56
36,rb2210,SHFE,0_0_        2954,      102221,多,开,5020.0,2,2022-04-12 21:01:56
37,rb2210,SHFE,0_0_        3658,      102364,空,平今,5021.0,4,2022-04-12 21:01:56
38,rb2210,SHFE,0_0_        3669,      104126,多,开,5020.0,2,2022-04-12 21:02:00
39,rb2210,SHFE,0_0_        3669,      104136,多,开,5020.0,1,2022-04-12 21:02:00
40,rb2210,SHFE,0_0_        3669,      104210,多,开,5020.0,1,2022-04-12 21:02:00
41,rb2210,SHFE,0_0_        3669,      104211,多,开,5020.0,1,2022-04-12 21:02:00
42,rb2210,SHFE,0_0_        3669,      104214,多,开,5020.0,1,2022-04-12 21:02:00
43,rb2210,SHFE,0_0_        4238,      113520,空,开,5017.0,3,2022-04-12 21:02:13
44,rb2210,SHFE,0_0_        4669,      119393,多,平今,5017.0,1,2022-04-12 21:02:23
45,rb2210,SHFE,0_0_        4687,      120905,空,平今,5018.0,1,2022-04-12 21:02:26
46,rb2210,SHFE,0_0_        4865,      132917,空,开,5019.0,1,2022-04-12 21:02:51
47,rb2210,SHFE,0_0_        4865,      132959,空,开,5019.0,1,2022-04-12 21:02:51
48,rb2210,SHFE,0_0_        6387,      134593,多,平今,5017.0,1,2022-04-12 21:02:56
49,rb2210,SHFE,0_0_        6387,      134646,多,平今,5017.0,7,2022-04-12 21:02:56
50,rb2210,SHFE,0_0_        6495,      134921,空,开,5018.0,8,2022-04-12 21:02:57
51,rb2210,SHFE,0_0_        6576,      137938,多,平今,5017.0,8,2022-04-12 21:03:03
52,rb2210,SHFE,0_0_        7105,      138347,空,开,5017.0,2,2022-04-12 21:03:03
53,rb2210,SHFE,0_0_        7459,      142102,空,平今,5014.0,1,2022-04-12 21:03:10
54,rb2210,SHFE,0_0_        7319,      145046,空,开,5016.0,4,2022-04-12 21:03:16
55,rb2210,SHFE,0_0_        8481,      148068,多,平今,5017.0,1,2022-04-12 21:03:23
56,rb2210,SHFE,0_0_        8118,      148075,多,平今,5016.0,4,2022-04-12 21:03:23
57,rb2210,SHFE,0_0_        9364,      152725,空,开,5018.0,1,2022-04-12 21:03:35
58,rb2210,SHFE,0_0_        9364,      152765,空,开,5018.0,1,2022-04-12 21:03:35
59,rb2210,SHFE,0_0_        9364,      152766,空,开,5018.0,2,2022-04-12 21:03:35
60,rb2210,SHFE,0_0_        9475,      153087,空,开,5018.0,2,2022-04-12 21:03:36
61,rb2210,SHFE,0_0_        9475,      153091,空,开,5018.0,1,2022-04-12 21:03:36
62,rb2210,SHFE,0_0_        9865,      156744,多,平今,5018.0,4,2022-04-12 21:03:47
63,rb2210,SHFE,0_0_       10603,      158023,空,开,5019.000000000001,4,2022-04-12 21:03:52
64,rb2210,SHFE,0_0_       10863,      158412,多,平今,5018.0,5,2022-04-12 21:03:53
65,rb2210,SHFE,0_0_       10863,      158416,多,平今,5018.0,1,2022-04-12 21:03:53
66,rb2210,SHFE,0_0_       11045,      158805,空,开,5019.0,3,2022-04-12 21:03:54
67,rb2210,SHFE,0_0_       11050,      158870,多,平今,5018.0,3,2022-04-12 21:03:54
68,rb2210,SHFE,0_0_       11082,      158916,空,开,5019.0,1,2022-04-12 21:03:55
69,rb2210,SHFE,0_0_       11082,      158943,空,开,5019.0,2,2022-04-12 21:03:55
70,rb2210,SHFE,0_0_       11144,      159154,多,平今,5018.0,4,2022-04-12 21:03:55
71,rb2210,SHFE,0_0_       11145,      159346,空,开,5019.0,3,2022-04-12 21:03:56
72,rb2210,SHFE,0_0_       11145,      159415,空,开,5019.0,1,2022-04-12 21:03:56
73,rb2210,SHFE,0_0_       11229,      159558,多,平今,5018.0,1,2022-04-12 21:03:57
74,rb2210,SHFE,0_0_       11287,      159855,多,平今,5018.0,1,2022-04-12 21:03:58
75,rb2210,SHFE,0_0_       11529,      160319,空,开,5018.0,1,2022-04-12 21:03:59
76,rb2210,SHFE,0_0_       11529,      160320,空,开,5018.0,3,2022-04-12 21:03:59
77,rb2210,SHFE,0_0_       11529,      160376,空,开,5018.0,1,2022-04-12 21:03:59
78,rb2210,SHFE,0_0_       13695,      167075,多,平今,5016.0,7,2022-04-12 21:04:17
79,rb2210,SHFE,0_0_       13696,      167110,空,开,5017.0,7,2022-04-12 21:04:17
80,rb2210,SHFE,0_0_       13707,      167123,多,平今,5016.0,7,2022-04-12 21:04:17
81,rb2210,SHFE,0_0_       13708,      167140,空,开,5017.0,7,2022-04-12 21:04:17
82,rb2210,SHFE,0_0_       13709,      167152,多,平今,5016.0,7,2022-04-12 21:04:17
83,rb2210,SHFE,0_0_       13710,      167351,空,开,5017.0,1,2022-04-12 21:04:18
84,rb2210,SHFE,0_0_       13710,      167356,空,开,5017.0,3,2022-04-12 21:04:18
85,rb2210,SHFE,0_0_       13710,      167366,空,开,5017.0,3,2022-04-12 21:04:18
86,rb2210,SHFE,0_0_       13776,      167398,多,平今,5016.000000000001,7,2022-04-12 21:04:18
87,rb2210,SHFE,0_0_       14142,      168806,空,开,5016.0,4,2022-04-12 21:04:23
88,rb2210,SHFE,0_0_       14232,      168971,空,开,5016.0,1,2022-04-12 21:04:24
89,rb2210,SHFE,0_0_       14306,      169435,多,平今,5015.0,1,2022-04-12 21:04:26
90,rb2210,SHFE,0_0_       14798,      170512,空,开,5015.0,2,2022-04-12 21:04:31
91,rb2210,SHFE,0_0_       15401,      171654,多,平今,5014.0,1,2022-04-12 21:04:35
92,rb2210,SHFE,0_0_       15826,      173151,多,平今,5014.0,3,2022-04-12 21:04:40
93,rb2210,SHFE,0_0_       15826,      173152,多,平今,5014.0,1,2022-04-12 21:04:40
94,rb2210,SHFE,0_0_       15826,      173153,多,平今,5014.0,1,2022-04-12 21:04:40
95,rb2210,SHFE,0_0_       15826,      173154,多,平今,5014.0,1,2022-04-12 21:04:40
96,rb2210,SHFE,0_0_       16256,      174806,空,开,5014.0,3,2022-04-12 21:04:45
97,rb2210,SHFE,0_0_       37997,      216076,空,开,5016.0,3,2022-04-12 21:06:39
98,rb2210,SHFE,0_0_        3795,      229387,空,平今,5021.0,6,2022-04-12 21:07:16
99,rb2210,SHFE,0_0_       46549,      229430,多,开,5020.000000000001,6,2022-04-12 21:07:16
100,rb2210,SHFE,0_0_       49573,      236815,多,平今,5020.000000000001,4,2022-04-12 21:07:32
101,rb2210,SHFE,0_0_       50005,      238248,空,平今,5021.0,4,2022-04-12 21:07:35
102,rb2210,SHFE,0_0_       50385,      239888,多,开,5020.0,4,2022-04-12 21:07:38
103,rb2210,SHFE,0_0_       53014,      244169,空,平今,5020.0,2,2022-04-12 21:07:50
104,rb2210,SHFE,0_0_       53014,      244170,空,平今,5020.0,1,2022-04-12 21:07:50
105,rb2210,SHFE,0_0_       53014,      244186,空,平今,5020.0,1,2022-04-12 21:07:50
106,rb2210,SHFE,0_0_       53215,      244362,多,开,5019.0,6,2022-04-12 21:07:50
107,rb2210,SHFE,0_0_       53446,      244937,空,平今,5019.0,2,2022-04-12 21:07:52
108,rb2210,SHFE,0_0_       53881,      245496,空,平今,5019.0,4,2022-04-12 21:07:53
109,rb2210,SHFE,0_0_       54400,      246067,空,平今,5018.000000000001,1,2022-04-12 21:07:55
110,rb2210,SHFE,0_0_       54400,      246068,空,平今,5018.000000000001,1,2022-04-12 21:07:55
111,rb2210,SHFE,0_0_       54487,      246253,空,开,5018.0,3,2022-04-12 21:07:56
112,rb2210,SHFE,0_0_       55165,      249022,多,平今,5018.0,4,2022-04-12 21:08:04
113,rb2210,SHFE,0_0_       56360,      249342,空,开,5019.0,4,2022-04-12 21:08:05
114,rb2210,SHFE,0_0_       56740,      249782,多,平今,5020.0,4,2022-04-12 21:08:06
115,rb2210,SHFE,0_0_       57014,      250499,空,开,5018.0,4,2022-04-12 21:08:08
116,rb2210,SHFE,0_0_       57776,      252112,多,平今,5018.0,1,2022-04-12 21:08:11
117,rb2210,SHFE,0_0_       57776,      252203,多,平今,5018.0,1,2022-04-12 21:08:11
118,rb2210,SHFE,0_0_       58836,      253975,多,开,5020.0,3,2022-04-12 21:08:16
119,rb2210,SHFE,0_0_       59520,      256296,多,平今,5020.0,2,2022-04-12 21:08:22
120,rb2210,SHFE,0_0_       60025,      258378,空,平今,5021.0,1,2022-04-12 21:08:28
121,rb2210,SHFE,0_0_       63108,      260917,多,开,5021.0,4,2022-04-12 21:08:38
122,rb2210,SHFE,0_0_       69182,      271881,空,平今,5023.000000000001,4,2022-04-12 21:09:04
123,rb2210,SHFE,0_0_       71367,      275914,多,开,5023.0,2,2022-04-12 21:09:15
124,rb2210,SHFE,0_0_       73575,      281527,空,平今,5026.0,2,2022-04-12 21:09:26
125,rb2210,SHFE,0_0_       73951,      281709,空,平今,5026.0,1,2022-04-12 21:09:27
126,rb2210,SHFE,0_0_       74127,      281767,多,开,5025.0,3,2022-04-12 21:09:27
127,rb2210,SHFE,0_0_       74203,      282665,空,开,5026.0,2,2022-04-12 21:09:29
128,rb2210,SHFE,0_0_       74203,      282671,空,开,5026.0,1,2022-04-12 21:09:29
129,rb2210,SHFE,0_0_       74203,      282701,空,开,5026.0,4,2022-04-12 21:09:29
130,rb2210,SHFE,0_0_       74537,      282740,多,平今,5025.000000000001,1,2022-04-12 21:09:30
131,rb2210,SHFE,0_0_       74537,      282741,多,平今,5025.000000000001,1,2022-04-12 21:09:30
132,rb2210,SHFE,0_0_       74537,      282742,多,平今,5025.000000000001,1,2022-04-12 21:09:30
133,rb2210,SHFE,0_0_       74537,      282743,多,平今,5025.000000000001,1,2022-04-12 21:09:30
134,rb2210,SHFE,0_0_       74641,      282893,多,平今,5025.0,2,2022-04-12 21:09:30
135,rb2210,SHFE,0_0_       75533,      284697,空,平今,5026.0,2,2022-04-12 21:09:34
136,rb2210,SHFE,0_0_       75766,      287501,空,平今,5026.0,1,2022-04-12 21:09:42
137,rb2210,SHFE,0_0_       77948,      287754,多,平今,5026.0,1,2022-04-12 21:09:43
138,rb2210,SHFE,0_0_       77948,      287755,多,平今,5026.0,1,2022-04-12 21:09:43
139,rb2210,SHFE,0_0_       78410,      288491,空,开,5026.0,3,2022-04-12 21:09:46
140,rb2210,SHFE,0_0_       78566,      288651,空,开,5026.0,1,2022-04-12 21:09:47
141,rb2210,SHFE,0_0_       78566,      288695,空,开,5026.0,1,2022-04-12 21:09:47
142,rb2210,SHFE,0_0_       78566,      288721,空,开,5026.0,1,2022-04-12 21:09:47
143,rb2210,SHFE,0_0_       78710,      288967,空,平今,5026.0,1,2022-04-12 21:09:48
144,rb2210,SHFE,0_0_       78984,      289188,多,平今,5025.0,3,2022-04-12 21:09:49
145,rb2210,SHFE,0_0_       80155,      292233,多,平今,5025.0,3,2022-04-12 21:10:00
146,rb2210,SHFE,0_0_       81508,      293680,多,开,5025.0,4,2022-04-12 21:10:03
147,rb2210,SHFE,0_0_       71603,      295129,多,开,5023.0,1,2022-04-12 21:10:05
148,rb2210,SHFE,0_0_       71603,      295336,多,开,5023.0,1,2022-04-12 21:10:05
149,rb2210,SHFE,0_0_       71603,      295404,多,开,5023.0,1,2022-04-12 21:10:05
150,rb2210,SHFE,0_0_       82721,      297377,空,平今,5024.0,3,2022-04-12 21:10:11
151,rb2210,SHFE,0_0_       84399,      300492,空,平今,5025.0,1,2022-04-12 21:10:20
152,rb2210,SHFE,0_0_       84399,      300504,空,平今,5025.0,1,2022-04-12 21:10:20
153,rb2210,SHFE,0_0_       81947,      301996,空,开,5026.0,6,2022-04-12 21:10:25
154,rb2210,SHFE,0_0_       86766,      302624,多,平今,5025.0,6,2022-04-12 21:10:27
155,rb2210,SHFE,0_0_       86085,      317248,多,开,5024.0,4,2022-04-12 21:11:06
156,rb2210,SHFE,0_0_       69800,      321772,多,开,5022.0,1,2022-04-12 21:11:20
157,rb2210,SHFE,0_0_       99376,      322795,空,平今,5023.0,1,2022-04-12 21:11:23
158,rb2210,SHFE,0_0_      100089,      323802,空,平今,5023.0,2,2022-04-12 21:11:26
159,rb2210,SHFE,0_0_      100089,      323803,空,平今,5023.0,1,2022-04-12 21:11:26
160,rb2210,SHFE,0_0_       97716,      324365,空,平今,5024.0,3,2022-04-12 21:11:28
161,rb2210,SHFE,0_0_      100478,      324502,多,开,5023.0,3,2022-04-12 21:11:29
162,rb2210,SHFE,0_0_      100243,      327822,多,开,5022.0,2,2022-04-12 21:11:40
163,rb2210,SHFE,0_0_      105244,      333606,空,开,5021.0,8,2022-04-12 21:11:56
164,rb2210,SHFE,0_0_      120531,      351648,多,平今,5016.0,1,2022-04-12 21:13:08
165,rb2210,SHFE,0_0_      122530,      354888,空,平今,5016.0,4,2022-04-12 21:13:22
166,rb2210,SHFE,0_0_      136556,      371891,多,平今,5019.0,4,2022-04-12 21:14:37
167,rb2210,SHFE,0_0_      137434,      373729,空,开,5019.0,1,2022-04-12 21:14:47
168,rb2210,SHFE,0_0_      143181,      381504,多,平今,5014.000000000001,4,2022-04-12 21:15:11
169,rb2210,SHFE,0_0_      147344,      387314,多,开,5013.0,1,2022-04-12 21:15:31
170,rb2210,SHFE,0_0_      147472,      387623,多,开,5013.0,2,2022-04-12 21:15:32
171,rb2210,SHFE,0_0_      147472,      387629,多,开,5013.0,1,2022-04-12 21:15:32
172,rb2210,SHFE,0_0_      151550,      393011,空,平今,5011.0,1,2022-04-12 21:15:52
173,rb2210,SHFE,0_0_      151550,      393038,空,平今,5011.0,1,2022-04-12 21:15:52
174,rb2210,SHFE,0_0_      151550,      393043,空,平今,5011.0,1,2022-04-12 21:15:52
175,rb2210,SHFE,0_0_      151550,      393057,空,平今,5011.0,1,2022-04-12 21:15:53
176,rb2210,SHFE,0_0_      143255,      400074,空,开,5015.0,1,2022-04-12 21:16:20
177,rb2210,SHFE,0_0_      143255,      400157,空,开,5015.0,1,2022-04-12 21:16:20
178,rb2210,SHFE,0_0_      143255,      400187,空,开,5015.0,2,2022-04-12 21:16:20
179,rb2210,SHFE,0_0_      158128,      400496,多,平今,5015.0,1,2022-04-12 21:16:22
180,rb2210,SHFE,0_0_      158709,      402118,空,开,5014.0,1,2022-04-12 21:16:29
181,rb2210,SHFE,0_0_      158709,      402131,空,开,5014.0,1,2022-04-12 21:16:29
182,rb2210,SHFE,0_0_      158709,      402440,空,开,5014.0,1,2022-04-12 21:16:31
183,rb2210,SHFE,0_0_      158709,      402448,空,开,5014.0,1,2022-04-12 21:16:31
184,rb2210,SHFE,0_0_      159830,      402476,多,平今,5013.0,2,2022-04-12 21:16:31
185,rb2210,SHFE,0_0_      166131,      411841,多,平今,5013.0,1,2022-04-12 21:17:09
186,rb2210,SHFE,0_0_      167286,      414075,空,平今,5014.0,1,2022-04-12 21:17:16
187,rb2210,SHFE,0_0_      167977,      414926,多,平今,5013.0,1,2022-04-12 21:17:20
188,rb2210,SHFE,0_0_      167977,      415009,多,平今,5013.0,1,2022-04-12 21:17:21
189,rb2210,SHFE,0_0_      168317,      415142,多,开,5013.0,4,2022-04-12 21:17:21
190,rb2210,SHFE,0_0_      168317,      415148,多,开,5013.0,1,2022-04-12 21:17:21
191,rb2210,SHFE,0_0_      168391,      416159,空,平今,5014.0,4,2022-04-12 21:17:26
192,rb2210,SHFE,0_0_      169046,      416281,多,开,5013.0,2,2022-04-12 21:17:27
193,rb2210,SHFE,0_0_      169046,      416298,多,开,5013.0,1,2022-04-12 21:17:27
194,rb2210,SHFE,0_0_      169046,      416314,多,开,5013.0,1,2022-04-12 21:17:27
195,rb2210,SHFE,0_0_      169046,      416484,多,开,5013.0,3,2022-04-12 21:17:29
196,rb2210,SHFE,0_0_      169257,      416571,空,平今,5014.0,1,2022-04-12 21:17:29
197,rb2210,SHFE,0_0_      169257,      416585,空,平今,5014.0,1,2022-04-12 21:17:29
198,rb2210,SHFE,0_0_      174918,      424489,多,平今,5012.0,1,2022-04-12 21:18:13
199,rb2210,SHFE,0_0_      181135,      431684,空,平今,5010.0,1,2022-04-12 21:18:45
200,rb2210,SHFE,0_0_      181233,      431859,多,平今,5010.0,1,2022-04-12 21:18:46
201,rb2210,SHFE,0_0_      181783,      433418,多,开,5008.0,1,2022-04-12 21:18:51
202,rb2210,SHFE,0_0_      182129,      433439,空,开,5009.0,2,2022-04-12 21:18:52
203,rb2210,SHFE,0_0_      182129,      433441,空,开,5009.0,3,2022-04-12 21:18:52
204,rb2210,SHFE,0_0_      183021,      435355,多,平今,5010.0,1,2022-04-12 21:19:00
205,rb2210,SHFE,0_0_      183526,      435787,空,开,5010.0,4,2022-04-12 21:19:01
206,rb2210,SHFE,0_0_      184589,      437369,空,平今,5010.0,2,2022-04-12 21:19:06
207,rb2210,SHFE,0_0_      187064,      440884,多,开,5012.0,1,2022-04-12 21:19:23
208,rb2210,SHFE,0_0_      187064,      440889,多,开,5012.0,1,2022-04-12 21:19:23
209,rb2210,SHFE,0_0_      187064,      440903,多,开,5012.0,1,2022-04-12 21:19:23
210,rb2210,SHFE,0_0_      176948,      441009,空,平今,5013.0,1,2022-04-12 21:19:24
211,rb2210,SHFE,0_0_      176948,      441027,空,平今,5013.0,1,2022-04-12 21:19:24
212,rb2210,SHFE,0_0_      188856,      442417,空,平今,5012.0,1,2022-04-12 21:19:30
213,rb2210,SHFE,0_0_      190470,      445380,多,开,5011.0,1,2022-04-12 21:19:47
214,rb2210,SHFE,0_0_      190470,      445384,多,开,5011.0,1,2022-04-12 21:19:47
215,rb2210,SHFE,0_0_      190470,      445390,多,开,5011.0,1,2022-04-12 21:19:47
216,rb2210,SHFE,0_0_      192661,      446863,空,平今,5011.0,1,2022-04-12 21:19:55
217,rb2210,SHFE,0_0_      192661,      446992,空,平今,5011.0,1,2022-04-12 21:19:56
218,rb2210,SHFE,0_0_      195684,      454646,多,平今,5009.0,4,2022-04-12 21:20:20
219,rb2210,SHFE,0_0_      197690,      455736,空,开,5010.0,3,2022-04-12 21:20:23
220,rb2210,SHFE,0_0_      188963,      461894,空,平今,5013.0,1,2022-04-12 21:20:46
221,rb2210,SHFE,0_0_      188963,      461896,空,平今,5013.0,1,2022-04-12 21:20:46
222,rb2210,SHFE,0_0_      206005,      472651,空,平今,5013.0,1,2022-04-12 21:21:39
223,rb2210,SHFE,0_0_      170834,      473650,空,平今,5014.0,2,2022-04-12 21:21:45
224,rb2210,SHFE,0_0_      211532,      479028,多,平今,5013.0,2,2022-04-12 21:22:11
225,rb2210,SHFE,0_0_      210861,      482278,多,平今,5012.0,1,2022-04-12 21:22:30
226,rb2210,SHFE,0_0_      216125,      482315,多,开,5012.0,1,2022-04-12 21:22:30
227,rb2210,SHFE,0_0_      199325,      483625,多,平今,5010.0,1,2022-04-12 21:22:38
228,rb2210,SHFE,0_0_      199325,      483649,多,平今,5010.0,1,2022-04-12 21:22:38
229,rb2210,SHFE,0_0_      199325,      483680,多,平今,5010.0,2,2022-04-12 21:22:38
230,rb2210,SHFE,0_0_      220721,      484786,空,开,5010.0,2,2022-04-12 21:22:44
231,rb2210,SHFE,0_0_      221359,      486686,空,平今,5010.0,1,2022-04-12 21:22:51
232,rb2210,SHFE,0_0_      224214,      488813,多,开,5009.0,4,2022-04-12 21:23:04
233,rb2210,SHFE,0_0_      218903,      490960,空,开,5013.0,2,2022-04-12 21:23:16
234,rb2210,SHFE,0_0_      226496,      491598,多,平今,5012.0,1,2022-04-12 21:23:21
235,rb2210,SHFE,0_0_      226496,      491600,多,平今,5012.0,1,2022-04-12 21:23:21
236,rb2210,SHFE,0_0_      228630,      493742,空,平今,5012.0,2,2022-04-12 21:23:37
237,rb2210,SHFE,0_0_      227185,      495755,空,平今,5013.0,1,2022-04-12 21:23:51
238,rb2210,SHFE,0_0_      234476,      501052,空,平今,5013.0,1,2022-04-12 21:24:17
239,rb2210,SHFE,0_0_      215961,      501592,空,开,5014.0,1,2022-04-12 21:24:19
240,rb2210,SHFE,0_0_      215961,      501628,空,开,5014.0,1,2022-04-12 21:24:19
241,rb2210,SHFE,0_0_      235333,      501748,多,平今,5013.0,1,2022-04-12 21:24:20
242,rb2210,SHFE,0_0_      242192,      512087,空,开,5015.0,1,2022-04-12 21:25:01
243,rb2210,SHFE,0_0_      246928,      518765,空,开,5014.0,1,2022-04-12 21:25:30
244,rb2210,SHFE,0_0_      235019,      523675,多,开,5012.0,4,2022-04-12 21:25:49
245,rb2210,SHFE,0_0_      250917,      524973,空,平今,5013.0,4,2022-04-12 21:25:57
246,rb2210,SHFE,0_0_      255339,      528343,多,开,5013.0,3,2022-04-12 21:26:24
247,rb2210,SHFE,0_0_      256853,      529523,多,开,5013.0,2,2022-04-12 21:26:35
248,rb2210,SHFE,0_0_      252238,      530490,多,平今,5012.0,2,2022-04-12 21:26:41
249,rb2210,SHFE,0_0_      258016,      530653,空,开,5013.0,4,2022-04-12 21:26:43
250,rb2210,SHFE,0_0_      257149,      532408,空,平今,5014.0,2,2022-04-12 21:26:54
251,rb2210,SHFE,0_0_      258429,      532534,多,平今,5012.0,4,2022-04-12 21:26:54
252,rb2210,SHFE,0_0_      230476,      532558,多,开,5011.0,3,2022-04-12 21:26:54
253,rb2210,SHFE,0_0_      259284,      532653,空,开,5013.0,4,2022-04-12 21:26:55
254,rb2210,SHFE,0_0_      259374,      532829,多,平今,5012.0,4,2022-04-12 21:26:56
255,rb2210,SHFE,0_0_      259384,      533020,空,平今,5013.0,4,2022-04-12 21:26:58
256,rb2210,SHFE,0_0_      259502,      533209,空,开,5013.0,3,2022-04-12 21:26:59
257,rb2210,SHFE,0_0_      259502,      533213,空,开,5013.0,1,2022-04-12 21:26:59
258,rb2210,SHFE,0_0_      259665,      533652,多,开,5012.0,3,2022-04-12 21:27:01
259,rb2210,SHFE,0_0_      259749,      533659,多,平今,5012.0,2,2022-04-12 21:27:01
260,rb2210,SHFE,0_0_      260206,      534286,多,平今,5012.0,1,2022-04-12 21:27:04
261,rb2210,SHFE,0_0_      260032,      535373,空,平今,5013.0,2,2022-04-12 21:27:13
262,rb2210,SHFE,0_0_      263587,      537474,多,平今,5014.0,1,2022-04-12 21:27:26
263,rb2210,SHFE,0_0_      266764,      543181,多,开,5017.0,1,2022-04-12 21:28:05
264,rb2210,SHFE,0_0_      261935,      581417,多,开,5012.0,3,2022-04-12 21:31:09
265,rb2210,SHFE,0_0_      261940,      581420,多,平今,5012.0,1,2022-04-12 21:31:09
266,rb2210,SHFE,0_0_      300080,      581860,空,平今,5013.0,2,2022-04-12 21:31:11
267,rb2210,SHFE,0_0_      300303,      581866,空,平今,5013.0,2,2022-04-12 21:31:11
268,rb2210,SHFE,0_0_      300993,      582551,多,开,5013.0,1,2022-04-12 21:31:16
269,rb2210,SHFE,0_0_      302001,      583275,空,平今,5013.0,1,2022-04-12 21:31:20
270,rb2210,SHFE,0_0_      302001,      583305,空,平今,5013.0,1,2022-04-12 21:31:20
271,rb2210,SHFE,0_0_      224414,      585664,多,平今,5009.0,2,2022-04-12 21:31:32
272,rb2210,SHFE,0_0_      304926,      588645,空,开,5010.0,1,2022-04-12 21:31:50
273,rb2210,SHFE,0_0_      308817,      592699,空,开,5006.0,1,2022-04-12 21:32:06
274,rb2210,SHFE,0_0_      309031,      593662,多,开,5006.0,1,2022-04-12 21:32:09
275,rb2210,SHFE,0_0_      309031,      593665,多,开,5006.0,2,2022-04-12 21:32:09
276,rb2210,SHFE,0_0_      309031,      593676,多,开,5006.0,1,2022-04-12 21:32:09
277,rb2210,SHFE,0_0_      309318,      593690,多,平今,5007.0,1,2022-04-12 21:32:09
278,rb2210,SHFE,0_0_      308247,      594733,空,开,5009.0,1,2022-04-12 21:32:12
279,rb2210,SHFE,0_0_      310148,      594848,多,开,5009.0,2,2022-04-12 21:32:13
280,rb2210,SHFE,0_0_      303070,      603249,空,开,5011.0,4,2022-04-12 21:32:51
281,rb2210,SHFE,0_0_      317094,      608070,多,平今,5010.0,1,2022-04-12 21:33:10
282,rb2210,SHFE,0_0_      320891,      608234,空,平今,5011.0,1,2022-04-12 21:33:10
283,rb2210,SHFE,0_0_      323548,      610840,多,平今,5011.0,1,2022-04-12 21:33:27
284,rb2210,SHFE,0_0_      302433,      612668,空,开,5013.0,1,2022-04-12 21:33:38
285,rb2210,SHFE,0_0_      301349,      613162,空,平今,5014.0,2,2022-04-12 21:33:41
286,rb2210,SHFE,0_0_      326879,      614029,多,平今,5013.0,1,2022-04-12 21:33:46
287,rb2210,SHFE,0_0_      326879,      614061,多,平今,5013.0,1,2022-04-12 21:33:46
288,rb2210,SHFE,0_0_      326888,      614062,多,开,5013.0,3,2022-04-12 21:33:46
289,rb2210,SHFE,0_0_      327695,      614298,空,平今,5014.0,1,2022-04-12 21:33:48
290,rb2210,SHFE,0_0_      327695,      614299,空,平今,5014.0,1,2022-04-12 21:33:48
291,rb2210,SHFE,0_0_      327695,      614372,空,平今,5014.0,2,2022-04-12 21:33:48
292,rb2210,SHFE,0_0_      329568,      616138,空,平今,5014.0,2,2022-04-12 21:33:57
293,rb2210,SHFE,0_0_      331262,      617675,多,开,5014.0,4,2022-04-12 21:34:04
294,rb2210,SHFE,0_0_      334034,      619898,多,平今,5014.0,1,2022-04-12 21:34:19
295,rb2210,SHFE,0_0_      341721,      628696,空,开,5012.0,4,2022-04-12 21:35:11
296,rb2210,SHFE,0_0_      351255,      643727,多,平今,5011.0,1,2022-04-12 21:36:47
297,rb2210,SHFE,0_0_      351255,      643736,多,平今,5011.0,1,2022-04-12 21:36:47
298,rb2210,SHFE,0_0_      351255,      643744,多,平今,5011.0,2,2022-04-12 21:36:48
299,rb2210,SHFE,0_0_      361906,      647412,空,平今,5007.0,4,2022-04-12 21:37:11
300,rb2210,SHFE,0_0_      362788,      648841,多,平今,5007.0,1,2022-04-12 21:37:20
301,rb2210,SHFE,0_0_      365637,      651444,空,开,5007.0,2,2022-04-12 21:37:39
302,rb2210,SHFE,0_0_      365692,      651687,多,平今,5006.0,3,2022-04-12 21:37:42
303,rb2210,SHFE,0_0_      365987,      651870,空,开,5007.0,6,2022-04-12 21:37:43
304,rb2210,SHFE,0_0_      366334,      652726,多,平今,5006.0,1,2022-04-12 21:37:50
305,rb2210,SHFE,0_0_      366334,      652739,多,平今,5006.0,1,2022-04-12 21:37:50
306,rb2210,SHFE,0_0_      366334,      652743,多,平今,5006.0,2,2022-04-12 21:37:50
307,rb2210,SHFE,0_0_      369009,      656123,空,开,5006.0,4,2022-04-12 21:38:09
308,rb2210,SHFE,0_0_      370467,      657634,多,平今,5005.0,1,2022-04-12 21:38:19
309,rb2210,SHFE,0_0_      370467,      657653,多,平今,5005.0,3,2022-04-12 21:38:20
310,rb2210,SHFE,0_0_      370704,      657698,空,开,5005.0,4,2022-04-12 21:38:20
311,rb2210,SHFE,0_0_      371185,      658781,多,平今,5005.0,1,2022-04-12 21:38:25
312,rb2210,SHFE,0_0_      371185,      658784,多,平今,5005.0,1,2022-04-12 21:38:25
313,rb2210,SHFE,0_0_      374967,      664892,多,平今,5004.0,1,2022-04-12 21:38:54
314,rb2210,SHFE,0_0_      376509,      665918,空,开,5003.0,4,2022-04-12 21:38:58
315,rb2210,SHFE,0_0_      377315,      666551,空,平今,5003.0,1,2022-04-12 21:38:59
316,rb2210,SHFE,0_0_      377821,      667693,多,平今,5002.0,2,2022-04-12 21:39:05
317,rb2210,SHFE,0_0_      377821,      667695,多,平今,5002.0,1,2022-04-12 21:39:05
318,rb2210,SHFE,0_0_      378695,      668979,空,开,5002.0,2,2022-04-12 21:39:12
319,rb2210,SHFE,0_0_      381332,      672407,空,开,5001.0,2,2022-04-12 21:39:25
320,rb2210,SHFE,0_0_      382068,      673272,多,平今,5000.0,1,2022-04-12 21:39:28
321,rb2210,SHFE,0_0_      382068,      673273,多,平今,5000.0,1,2022-04-12 21:39:28
322,rb2210,SHFE,0_0_      382068,      673276,多,平今,5000.0,2,2022-04-12 21:39:28
323,rb2210,SHFE,0_0_      382171,      673321,多,开,5001.0,6,2022-04-12 21:39:28
324,rb2210,SHFE,0_0_      382203,      673468,空,平今,5001.0,4,2022-04-12 21:39:28
325,rb2210,SHFE,0_0_      383012,      674256,空,开,5002.0,4,2022-04-12 21:39:32
326,rb2210,SHFE,0_0_      387772,      680004,多,平今,5002.0,3,2022-04-12 21:40:06
327,rb2210,SHFE,0_0_      388473,      681152,多,开,5002.000000000001,2,2022-04-12 21:40:12
328,rb2210,SHFE,0_0_      382204,      681913,多,平今,5000.0,4,2022-04-12 21:40:16
329,rb2210,SHFE,0_0_      389308,      682649,空,开,5000.0,7,2022-04-12 21:40:18
330,rb2210,SHFE,0_0_      393944,      689412,空,平今,4997.0,1,2022-04-12 21:40:43
331,rb2210,SHFE,0_0_      400606,      699417,多,平今,5000.0,1,2022-04-12 21:41:30
332,rb2210,SHFE,0_0_      400606,      699445,多,平今,5000.0,1,2022-04-12 21:41:30
333,rb2210,SHFE,0_0_      400606,      699448,多,平今,5000.0,1,2022-04-12 21:41:30
334,rb2210,SHFE,0_0_      400606,      699501,多,平今,5000.0,1,2022-04-12 21:41:31
335,rb2210,SHFE,0_0_      401099,      700537,空,开,5001.0,1,2022-04-12 21:41:36
336,rb2210,SHFE,0_0_      406567,      706347,空,开,4998.0,1,2022-04-12 21:42:11
337,rb2210,SHFE,0_0_      406567,      706348,空,开,4998.0,1,2022-04-12 21:42:11
338,rb2210,SHFE,0_0_      406567,      706349,空,开,4998.0,1,2022-04-12 21:42:11
339,rb2210,SHFE,0_0_      408065,      708555,多,平今,4999.0,1,2022-04-12 21:42:25
340,rb2210,SHFE,0_0_      408141,      709655,多,平今,4999.0,1,2022-04-12 21:42:35
341,rb2210,SHFE,0_0_      408141,      709687,多,平今,4999.0,2,2022-04-12 21:42:35
342,rb2210,SHFE,0_0_      408141,      709815,多,平今,4999.0,1,2022-04-12 21:42:36
343,rb2210,SHFE,0_0_      412460,      713045,多,平今,5000.0,1,2022-04-12 21:43:01
344,rb2210,SHFE,0_0_      410922,      713984,多,开,4999.0,2,2022-04-12 21:43:07
345,rb2210,SHFE,0_0_      414217,      721364,空,平今,5000.0,1,2022-04-12 21:44:05
346,rb2210,SHFE,0_0_      414217,      721382,空,平今,5000.0,1,2022-04-12 21:44:06
347,rb2210,SHFE,0_0_      421699,      722285,多,开,4999.0,1,2022-04-12 21:44:10
348,rb2210,SHFE,0_0_      422536,      723207,空,平今,5000.0,1,2022-04-12 21:44:17
349,rb2210,SHFE,0_0_      422611,      723212,空,开,5000.0,4,2022-04-12 21:44:17
350,rb2210,SHFE,0_0_      424286,      724778,空,开,4999.0,2,2022-04-12 21:44:24
351,rb2210,SHFE,0_0_      425947,      726443,多,平今,4998.0,2,2022-04-12 21:44:38
352,rb2210,SHFE,0_0_      394124,      728717,多,平今,4996.0,1,2022-04-12 21:44:45
353,rb2210,SHFE,0_0_      427121,      729046,空,开,4997.0,2,2022-04-12 21:44:47
354,rb2210,SHFE,0_0_      429582,      731631,空,开,4995.0,1,2022-04-12 21:44:59
355,rb2210,SHFE,0_0_      430730,      733998,多,平今,4995.0,4,2022-04-12 21:45:06
356,rb2210,SHFE,0_0_      429726,      735795,多,平今,4994.0,2,2022-04-12 21:45:12
357,rb2210,SHFE,0_0_      432153,      736433,空,开,4995.0,2,2022-04-12 21:45:16
358,rb2210,SHFE,0_0_      433710,      737836,空,开,4995.0,3,2022-04-12 21:45:24
359,rb2210,SHFE,0_0_      433821,      738369,多,平今,4995.0,4,2022-04-12 21:45:27
360,rb2210,SHFE,0_0_      434325,      739348,空,开,4996.0,1,2022-04-12 21:45:31
361,rb2210,SHFE,0_0_      435112,      739622,多,平今,4995.0,2,2022-04-12 21:45:32
362,rb2210,SHFE,0_0_      435323,      739788,空,开,4996.0,1,2022-04-12 21:45:33
363,rb2210,SHFE,0_0_      435323,      739851,空,开,4996.0,1,2022-04-12 21:45:34
364,rb2210,SHFE,0_0_      435323,      739857,空,开,4996.0,2,2022-04-12 21:45:34
365,rb2210,SHFE,0_0_      432515,      743738,多,平今,4994.0,2,2022-04-12 21:45:57
366,rb2210,SHFE,0_0_      438718,      743906,空,开,4995.0,1,2022-04-12 21:45:58
367,rb2210,SHFE,0_0_      438718,      743907,空,开,4995.0,1,2022-04-12 21:45:58
368,rb2210,SHFE,0_0_      439861,      747342,空,开,4993.0,2,2022-04-12 21:46:07
369,rb2210,SHFE,0_0_      440687,      748767,多,平今,4992.0,4,2022-04-12 21:46:09
370,rb2210,SHFE,0_0_      441047,      750343,空,平今,4991.0,1,2022-04-12 21:46:11
371,rb2210,SHFE,0_0_      441047,      750355,空,平今,4991.0,3,2022-04-12 21:46:11
372,rb2210,SHFE,0_0_      440810,      753522,空,开,4993.0,3,2022-04-12 21:46:19
373,rb2210,SHFE,0_0_      440810,      753524,空,开,4993.0,1,2022-04-12 21:46:19
374,rb2210,SHFE,0_0_      443119,      753554,多,平今,4992.0,5,2022-04-12 21:46:19
375,rb2210,SHFE,0_0_      445917,      757476,空,开,4991.0,1,2022-04-12 21:46:36
376,rb2210,SHFE,0_0_      445917,      757491,空,开,4991.0,1,2022-04-12 21:46:36
377,rb2210,SHFE,0_0_      445917,      757509,空,开,4991.0,1,2022-04-12 21:46:36
378,rb2210,SHFE,0_0_      445917,      757545,空,开,4991.0,1,2022-04-12 21:46:36
379,rb2210,SHFE,0_0_      446493,      759407,多,平今,4990.0,2,2022-04-12 21:46:46
380,rb2210,SHFE,0_0_      448956,      762647,空,开,4992.0,3,2022-04-12 21:47:01
381,rb2210,SHFE,0_0_      449387,      763125,多,平今,4992.0,2,2022-04-12 21:47:03
382,rb2210,SHFE,0_0_      457919,      773412,多,平今,4995.0,2,2022-04-12 21:48:04
383,rb2210,SHFE,0_0_      469040,      787052,多,开,4997.0,2,2022-04-12 21:49:33
384,rb2210,SHFE,0_0_      469040,      787079,多,开,4997.0,6,2022-04-12 21:49:34
385,rb2210,SHFE,0_0_      476459,      795737,空,开,4995.0,2,2022-04-12 21:50:47
386,rb2210,SHFE,0_0_      482538,      802795,多,平今,4994.0,1,2022-04-12 21:51:35
387,rb2210,SHFE,0_0_      482940,      804378,空,开,4993.0,3,2022-04-12 21:51:40
388,rb2210,SHFE,0_0_      483651,      804882,多,平今,4993.0,1,2022-04-12 21:51:45
389,rb2210,SHFE,0_0_      483900,      805457,多,平今,4993.0,4,2022-04-12 21:51:49
390,rb2210,SHFE,0_0_      487797,      810595,空,开,4993.0,1,2022-04-12 21:52:17
391,rb2210,SHFE,0_0_      488902,      811408,多,平今,4991.0,4,2022-04-12 21:52:22
392,rb2210,SHFE,0_0_      488955,      811811,空,开,4992.0,3,2022-04-12 21:52:25
393,rb2210,SHFE,0_0_      488955,      811832,空,开,4992.0,1,2022-04-12 21:52:26
394,rb2210,SHFE,0_0_      489298,      812067,多,平今,4991.0,1,2022-04-12 21:52:28
395,rb2210,SHFE,0_0_      489499,      812705,空,开,4992.0,2,2022-04-12 21:52:32
396,rb2210,SHFE,0_0_      490420,      813366,空,开,4991.0,2,2022-04-12 21:52:36
397,rb2210,SHFE,0_0_      491240,      814388,多,平今,4991.0,4,2022-04-12 21:52:44
398,rb2210,SHFE,0_0_      495047,      819709,多,平今,4988.0,1,2022-04-12 21:53:09
399,rb2210,SHFE,0_0_      495485,      820764,空,平今,4989.0,3,2022-04-12 21:53:12
400,rb2210,SHFE,0_0_      495936,      821368,空,平今,4989.0,4,2022-04-12 21:53:15
401,rb2210,SHFE,0_0_      496094,      821508,多,平今,4989.0,1,2022-04-12 21:53:16
402,rb2210,SHFE,0_0_      497723,      823795,空,平今,4989.0,1,2022-04-12 21:53:30
403,rb2210,SHFE,0_0_      497837,      824237,多,开,4988.0,4,2022-04-12 21:53:34
404,rb2210,SHFE,0_0_      498272,      824720,多,开,4988.0,2,2022-04-12 21:53:39
405,rb2210,SHFE,0_0_      491308,      829545,空,开,4993.0,4,2022-04-12 21:54:21
406,rb2210,SHFE,0_0_      502301,      829577,多,平今,4992.0,4,2022-04-12 21:54:21
407,rb2210,SHFE,0_0_      505237,      832730,多,平今,4991.0,1,2022-04-12 21:54:50
408,rb2210,SHFE,0_0_      507430,      834950,空,平今,4991.0,3,2022-04-12 21:55:02
409,rb2210,SHFE,0_0_      507430,      834967,空,平今,4991.0,1,2022-04-12 21:55:02
410,rb2210,SHFE,0_0_      507924,      837256,多,开,4989.0,1,2022-04-12 21:55:14
411,rb2210,SHFE,0_0_      509124,      837471,空,平今,4990.0,2,2022-04-12 21:55:15
412,rb2210,SHFE,0_0_      509230,      838271,空,开,4990.0,2,2022-04-12 21:55:21
413,rb2210,SHFE,0_0_      509230,      838500,空,开,4990.0,1,2022-04-12 21:55:22
414,rb2210,SHFE,0_0_      509230,      838501,空,开,4990.0,1,2022-04-12 21:55:22
415,rb2210,SHFE,0_0_      510167,      838542,多,平今,4989.0,2,2022-04-12 21:55:22
416,rb2210,SHFE,0_0_      514587,      844069,空,开,4988.0,3,2022-04-12 21:56:06
417,rb2210,SHFE,0_0_      514976,      844605,多,开,4988.0,2,2022-04-12 21:56:10
418,rb2210,SHFE,0_0_      514976,      844606,多,开,4988.0,1,2022-04-12 21:56:10
419,rb2210,SHFE,0_0_      514976,      844607,多,开,4988.0,4,2022-04-12 21:56:10
420,rb2210,SHFE,0_0_      514638,      848982,空,开,4989.0,2,2022-04-12 21:56:36
421,rb2210,SHFE,0_0_      518704,      849037,多,平今,4988.0,1,2022-04-12 21:56:36
422,rb2210,SHFE,0_0_      518704,      849038,多,平今,4988.0,1,2022-04-12 21:56:36
423,rb2210,SHFE,0_0_      518705,      851540,空,平今,4989.0,1,2022-04-12 21:56:52
424,rb2210,SHFE,0_0_      518705,      851599,空,平今,4989.0,1,2022-04-12 21:56:52
425,rb2210,SHFE,0_0_      519018,      851671,空,平今,4989.0,4,2022-04-12 21:56:53
426,rb2210,SHFE,0_0_      521423,      852235,多,开,4989.0,2,2022-04-12 21:56:55
427,rb2210,SHFE,0_0_      522449,      853121,多,开,4990.0,4,2022-04-12 21:57:00
428,rb2210,SHFE,0_0_      521983,      853777,多,平今,4989.000000000001,1,2022-04-12 21:57:03
429,rb2210,SHFE,0_0_      523136,      859556,空,平今,4990.0,2,2022-04-12 21:57:30
430,rb2210,SHFE,0_0_      530546,      864816,多,平今,4992.0,1,2022-04-12 21:58:06
431,rb2210,SHFE,0_0_      484494,      866993,空,开,4994.0,1,2022-04-12 21:58:13
432,rb2210,SHFE,0_0_      531838,      867396,空,平今,4993.0,4,2022-04-12 21:58:15
433,rb2210,SHFE,0_0_      536043,      873759,多,平今,4993.0,1,2022-04-12 21:58:57
434,rb2210,SHFE,0_0_      536694,      874110,空,平今,4994.0,2,2022-04-12 21:59:00
435,rb2210,SHFE,0_0_      537196,      876091,多,开,4993.0,1,2022-04-12 21:59:11
436,rb2210,SHFE,0_0_      539119,      876511,多,开,4994.0,3,2022-04-12 21:59:14
437,rb2210,SHFE,0_0_      539296,      877547,空,平今,4995.0,1,2022-04-12 21:59:23
438,rb2210,SHFE,0_0_      539296,      877548,空,平今,4995.0,1,2022-04-12 21:59:23
439,rb2210,SHFE,0_0_      539296,      877551,空,平今,4995.0,1,2022-04-12 21:59:23
440,rb2210,SHFE,0_0_      539892,      878027,多,开,4994.0,1,2022-04-12 21:59:27
441,rb2210,SHFE,0_0_      539892,      878545,多,开,4994.0,2,2022-04-12 21:59:29
442,rb2210,SHFE,0_0_      540729,      878864,空,平今,4995.0,3,2022-04-12 21:59:30
443,rb2210,SHFE,0_0_      540869,      879264,多,开,4994.0,1,2022-04-12 21:59:31
444,rb2210,SHFE,0_0_      540869,      879267,多,开,4994.0,4,2022-04-12 21:59:31
445,rb2210,SHFE,0_0_      540935,      884086,空,开,4995.0,5,2022-04-12 21:59:55
446,rb2210,SHFE,0_0_      544671,      884105,多,平今,4994.0,4,2022-04-12 21:59:56
447,rb2210,SHFE,0_0_      545549,      888616,多,平今,4996.0,1,2022-04-12 22:00:03
448,rb2210,SHFE,0_0_      546260,      888927,空,平今,4997.0,4,2022-04-12 22:00:03
449,rb2210,SHFE,0_0_      546348,      889111,空,开,4997.0,4,2022-04-12 22:00:03
450,rb2210,SHFE,0_0_      546740,      893175,多,开,4997.0,1,2022-04-12 22:00:17
451,rb2210,SHFE,0_0_      546740,      898205,多,开,4997.0,3,2022-04-12 22:00:34
452,rb2210,SHFE,0_0_      551614,      898563,空,平今,4998.0,4,2022-04-12 22:00:35
453,rb2210,SHFE,0_0_      546391,      900096,多,平今,4996.0,5,2022-04-12 22:00:43
454,rb2210,SHFE,0_0_      546391,      900107,多,平今,4996.0,1,2022-04-12 22:00:43
455,rb2210,SHFE,0_0_      546391,      900165,多,平今,4996.0,1,2022-04-12 22:00:44
456,rb2210,SHFE,0_0_      552523,      900335,空,平今,4997.0,1,2022-04-12 22:00:45
457,rb2210,SHFE,0_0_      552887,      901101,空,开,4997.0,2,2022-04-12 22:00:49
458,rb2210,SHFE,0_0_      552887,      901104,空,开,4997.0,1,2022-04-12 22:00:49
459,rb2210,SHFE,0_0_      552887,      901107,空,开,4997.0,1,2022-04-12 22:00:49
460,rb2210,SHFE,0_0_      552924,      901182,空,平今,4997.0,1,2022-04-12 22:00:50
461,rb2210,SHFE,0_0_      553590,      901670,空,开,4997.0,2,2022-04-12 22:00:53
462,rb2210,SHFE,0_0_      530630,      909386,多,开,4991.0,2,2022-04-12 22:01:46
463,rb2210,SHFE,0_0_      561306,      910083,空,平今,4992.0,2,2022-04-12 22:01:50
464,rb2210,SHFE,0_0_      561771,      910884,多,平今,4992.0,1,2022-04-12 22:01:57
465,rb2210,SHFE,0_0_      561804,      912544,多,平今,4992.0,4,2022-04-12 22:02:06
466,rb2210,SHFE,0_0_      562935,      912620,空,开,4993.0,4,2022-04-12 22:02:07
467,rb2210,SHFE,0_0_      562977,      912971,多,平今,4992.0,4,2022-04-12 22:02:09
468,rb2210,SHFE,0_0_      566691,      918075,多,开,4986.0,3,2022-04-12 22:02:28
469,rb2210,SHFE,0_0_      566691,      918076,多,开,4986.0,1,2022-04-12 22:02:28
470,rb2210,SHFE,0_0_      566691,      918077,多,开,4986.0,1,2022-04-12 22:02:28
471,rb2210,SHFE,0_0_      566691,      918078,多,开,4986.0,1,2022-04-12 22:02:28
472,rb2210,SHFE,0_0_      566793,      920249,空,平今,4986.0,3,2022-04-12 22:02:34
473,rb2210,SHFE,0_0_      566793,      920251,空,平今,4986.0,1,2022-04-12 22:02:34
474,rb2210,SHFE,0_0_      567500,      920666,多,开,4985.0,4,2022-04-12 22:02:36
475,rb2210,SHFE,0_0_      567676,      920735,空,平今,4986.0,1,2022-04-12 22:02:36
476,rb2210,SHFE,0_0_      567676,      920736,空,平今,4986.0,1,2022-04-12 22:02:36
477,rb2210,SHFE,0_0_      567676,      920737,空,平今,4986.0,1,2022-04-12 22:02:36
478,rb2210,SHFE,0_0_      567676,      920738,空,平今,4986.0,1,2022-04-12 22:02:36
479,rb2210,SHFE,0_0_      567676,      920739,空,平今,4986.0,1,2022-04-12 22:02:36
480,rb2210,SHFE,0_0_      567676,      920743,空,平今,4986.0,1,2022-04-12 22:02:36
481,rb2210,SHFE,0_0_      567793,      920983,空,开,4986.0,3,2022-04-12 22:02:38
482,rb2210,SHFE,0_0_      567839,      921038,多,平今,4985.0,2,2022-04-12 22:02:38
483,rb2210,SHFE,0_0_      567848,      921079,空,开,4986.0,2,2022-04-12 22:02:38
484,rb2210,SHFE,0_0_      567884,      921156,多,平今,4985.0,2,2022-04-12 22:02:39
485,rb2210,SHFE,0_0_      568017,      926625,多,开,4985.0,1,2022-04-12 22:03:13
486,rb2210,SHFE,0_0_      568017,      926676,多,开,4985.0,3,2022-04-12 22:03:14
487,rb2210,SHFE,0_0_      572593,      927295,多,开,4985.0,3,2022-04-12 22:03:18
488,rb2210,SHFE,0_0_      572869,      927729,空,平今,4986.0,7,2022-04-12 22:03:21
489,rb2210,SHFE,0_0_      573069,      927988,空,开,4986.0,1,2022-04-12 22:03:22
490,rb2210,SHFE,0_0_      573559,      928664,多,开,4986.0,1,2022-04-12 22:03:28
491,rb2210,SHFE,0_0_      573559,      928735,多,开,4986.0,2,2022-04-12 22:03:29
492,rb2210,SHFE,0_0_      573559,      928776,多,开,4986.0,1,2022-04-12 22:03:29
493,rb2210,SHFE,0_0_      573149,      929825,多,平今,4985.0,1,2022-04-12 22:03:37
494,rb2210,SHFE,0_0_      575916,      931095,空,平今,4986.0,1,2022-04-12 22:03:50
495,rb2210,SHFE,0_0_      575916,      931096,空,平今,4986.0,1,2022-04-12 22:03:50
496,rb2210,SHFE,0_0_      576047,      931353,空,平今,4986.0,1,2022-04-12 22:03:53
497,rb2210,SHFE,0_0_      586316,      940733,空,平今,4985.0,1,2022-04-12 22:05:10
498,rb2210,SHFE,0_0_      586541,      941125,多,开,4985.0,4,2022-04-12 22:05:14
499,rb2210,SHFE,0_0_      588896,      946421,多,开,4986.0,4,2022-04-12 22:05:48
500,rb2210,SHFE,0_0_      588076,      947351,多,平今,4985.0,1,2022-04-12 22:05:53
501,rb2210,SHFE,0_0_      593069,      947472,空,平今,4985.0,7,2022-04-12 22:05:54
502,rb2210,SHFE,0_0_      594701,      949809,多,开,4985.0,5,2022-04-12 22:06:07
503,rb2210,SHFE,0_0_      592249,      950627,空,平今,4987.0,1,2022-04-12 22:06:15
504,rb2210,SHFE,0_0_      599674,      954816,空,平今,4988.0,1,2022-04-12 22:06:45
505,rb2210,SHFE,0_0_      595607,      959666,多,开,4986.0,1,2022-04-12 22:07:30
506,rb2210,SHFE,0_0_      605010,      959815,空,平今,4987.0,1,2022-04-12 22:07:32
507,rb2210,SHFE,0_0_      605173,      960134,多,开,4986.0,1,2022-04-12 22:07:34
508,rb2210,SHFE,0_0_      605426,      960188,空,平今,4987.0,1,2022-04-12 22:07:35
509,rb2210,SHFE,0_0_      605455,      960335,多,开,4986.0,1,2022-04-12 22:07:38
510,rb2210,SHFE,0_0_      605718,      960620,多,开,4987.0,2,2022-04-12 22:07:42
511,rb2210,SHFE,0_0_      617932,      972384,空,平今,4986.0,1,2022-04-12 22:09:14
512,rb2210,SHFE,0_0_      594886,      972721,多,平今,4985.0,1,2022-04-12 22:09:17
513,rb2210,SHFE,0_0_      621171,      976557,空,平今,4989.000000000001,1,2022-04-12 22:09:54
514,rb2210,SHFE,0_0_      622413,      976942,多,开,4990.0,3,2022-04-12 22:09:57
515,rb2210,SHFE,0_0_      622581,      977236,空,平今,4990.0,4,2022-04-12 22:09:59
516,rb2210,SHFE,0_0_      563294,      980301,空,开,4993.0,4,2022-04-12 22:10:21
517,rb2210,SHFE,0_0_      626263,      980794,多,平今,4992.0,4,2022-04-12 22:10:23
518,rb2210,SHFE,0_0_      659853,     1010073,空,开,4986.0,2,2022-04-12 22:14:48
519,rb2210,SHFE,0_0_      660270,     1010393,多,平今,4986.0,1,2022-04-12 22:14:51
520,rb2210,SHFE,0_0_      660403,     1010639,多,开,4986.0,2,2022-04-12 22:14:53
521,rb2210,SHFE,0_0_      658617,     1013227,空,开,4988.0,4,2022-04-12 22:15:12
522,rb2210,SHFE,0_0_      672367,     1023221,多,平今,4987.0,1,2022-04-12 22:16:44
523,rb2210,SHFE,0_0_      638228,     1028533,空,平今,4992.0,2,2022-04-12 22:17:12
524,rb2210,SHFE,0_0_      677362,     1028600,多,平今,4991.0,2,2022-04-12 22:17:13
525,rb2210,SHFE,0_0_      632667,     1029877,空,平今,4993.0,2,2022-04-12 22:17:18
526,rb2210,SHFE,0_0_      678319,     1030372,多,开,4993.0,6,2022-04-12 22:17:20
527,rb2210,SHFE,0_0_      678686,     1030606,空,平今,4993.0,4,2022-04-12 22:17:20
528,rb2210,SHFE,0_0_      679232,     1031422,空,平今,4993.0,2,2022-04-12 22:17:24
529,rb2210,SHFE,0_0_      679633,     1031879,空,开,4993.000000000001,1,2022-04-12 22:17:27
530,rb2210,SHFE,0_0_      679633,     1031880,空,开,4993.000000000001,3,2022-04-12 22:17:27
531,rb2210,SHFE,0_0_      678292,     1031896,多,平今,4992.0,1,2022-04-12 22:17:27
532,rb2210,SHFE,0_0_      678292,     1031897,多,平今,4992.0,1,2022-04-12 22:17:27
533,rb2210,SHFE,0_0_      679644,     1031994,空,平今,4993.0,2,2022-04-12 22:17:27
534,rb2210,SHFE,0_0_      689911,     1044321,多,开,4987.0,8,2022-04-12 22:18:56
535,rb2210,SHFE,0_0_      695711,     1051784,多,平今,4987.0,3,2022-04-12 22:20:05
536,rb2210,SHFE,0_0_      690017,     1053574,空,平今,4989.0,2,2022-04-12 22:20:20
537,rb2210,SHFE,0_0_      698122,     1054084,多,平今,4988.0,1,2022-04-12 22:20:23
538,rb2210,SHFE,0_0_      698548,     1054090,空,开,4989.0,2,2022-04-12 22:20:23
539,rb2210,SHFE,0_0_      700673,     1057666,多,平今,4986.0,1,2022-04-12 22:20:46
540,rb2210,SHFE,0_0_      702404,     1059360,空,平今,4987.0,1,2022-04-12 22:21:00
541,rb2210,SHFE,0_0_      702404,     1059390,空,平今,4987.0,1,2022-04-12 22:21:00
542,rb2210,SHFE,0_0_      698548,     1061218,空,开,4989.0,2,2022-04-12 22:21:09
543,rb2210,SHFE,0_0_      698548,     1061245,空,开,4989.0,1,2022-04-12 22:21:10
544,rb2210,SHFE,0_0_      698548,     1061282,空,开,4989.0,2,2022-04-12 22:21:10
545,rb2210,SHFE,0_0_      707575,     1065727,多,平今,4986.0,1,2022-04-12 22:21:52
546,rb2210,SHFE,0_0_      707575,     1065732,多,平今,4986.0,1,2022-04-12 22:21:53
547,rb2210,SHFE,0_0_      712604,     1070186,空,开,4983.0,1,2022-04-12 22:22:23
548,rb2210,SHFE,0_0_      713134,     1072255,空,开,4983.0,1,2022-04-12 22:22:31
549,rb2210,SHFE,0_0_      715753,     1074552,多,平今,4981.0,4,2022-04-12 22:22:45
550,rb2210,SHFE,0_0_      716043,     1076196,空,开,4978.0,5,2022-04-12 22:22:48
551,rb2210,SHFE,0_0_      716144,     1076784,空,平今,4978.0,1,2022-04-12 22:22:49
552,rb2210,SHFE,0_0_      718012,     1080061,空,平今,4977.0,1,2022-04-12 22:23:07
553,rb2210,SHFE,0_0_      720408,     1083097,空,平今,4977.0,1,2022-04-12 22:23:32
554,rb2210,SHFE,0_0_      722500,     1085671,多,平今,4977.0,2,2022-04-12 22:23:52
555,rb2210,SHFE,0_0_      722924,     1086383,多,平今,4978.0,2,2022-04-12 22:23:57
556,rb2210,SHFE,0_0_      723247,     1087554,空,开,4979.0,1,2022-04-12 22:24:06
557,rb2210,SHFE,0_0_      723247,     1087558,空,开,4979.0,1,2022-04-12 22:24:06
558,rb2210,SHFE,0_0_      723247,     1087565,空,开,4979.0,1,2022-04-12 22:24:07
559,rb2210,SHFE,0_0_      723247,     1087639,空,开,4979.0,1,2022-04-12 22:24:07
560,rb2210,SHFE,0_0_      724346,     1087858,多,平今,4978.0,2,2022-04-12 22:24:09
561,rb2210,SHFE,0_0_      724410,     1087871,多,平今,4978.0,3,2022-04-12 22:24:09
562,rb2210,SHFE,0_0_      724479,     1088016,空,开,4978.0,2,2022-04-12 22:24:10
563,rb2210,SHFE,0_0_      726580,     1090938,多,平今,4977.0,1,2022-04-12 22:24:36
564,rb2210,SHFE,0_0_      727256,     1093037,空,平今,4978.0,1,2022-04-12 22:24:54
565,rb2210,SHFE,0_0_      725372,     1094083,空,开,4979.0,2,2022-04-12 22:25:02
566,rb2210,SHFE,0_0_      715927,     1094448,空,开,4980.0,1,2022-04-12 22:25:03
567,rb2210,SHFE,0_0_      730126,     1095193,多,平今,4980.0,1,2022-04-12 22:25:08
568,rb2210,SHFE,0_0_      730544,     1095576,多,开,4980.0,2,2022-04-12 22:25:12
569,rb2210,SHFE,0_0_      731004,     1096056,多,开,4980.0,2,2022-04-12 22:25:15
570,rb2210,SHFE,0_0_      737338,     1101801,空,平今,4982.0,3,2022-04-12 22:26:17
571,rb2210,SHFE,0_0_      737629,     1101969,空,开,4982.0,3,2022-04-12 22:26:20
572,rb2210,SHFE,0_0_      729782,     1103596,多,平今,4978.0,5,2022-04-12 22:26:41
573,rb2210,SHFE,0_0_      741601,     1105559,空,开,4979.0,4,2022-04-12 22:27:04
574,rb2210,SHFE,0_0_      729125,     1106450,多,开,4977.0,4,2022-04-12 22:27:16
575,rb2210,SHFE,0_0_      751083,     1115097,空,平今,4978.0,2,2022-04-12 22:28:47
576,rb2210,SHFE,0_0_      752867,     1115932,多,平今,4977.0,2,2022-04-12 22:28:57
577,rb2210,SHFE,0_0_      752898,     1116440,空,平今,4978.0,1,2022-04-12 22:29:01
578,rb2210,SHFE,0_0_      753448,     1116839,多,平今,4977.0,1,2022-04-12 22:29:04
579,rb2210,SHFE,0_0_      754692,     1118768,空,开,4976.0,4,2022-04-12 22:29:15
580,rb2210,SHFE,0_0_      756506,     1120442,多,平今,4975.0,1,2022-04-12 22:29:26
581,rb2210,SHFE,0_0_      756506,     1120443,多,平今,4975.0,2,2022-04-12 22:29:26
582,rb2210,SHFE,0_0_      756636,     1120713,多,平今,4975.0,1,2022-04-12 22:29:27
583,rb2210,SHFE,0_0_      756693,     1120868,多,平今,4975.0,2,2022-04-12 22:29:28
584,rb2210,SHFE,0_0_      753998,     1126357,空,平今,4978.000000000001,2,2022-04-12 22:30:00
585,rb2210,SHFE,0_0_      761813,     1126653,多,开,4977.0,2,2022-04-12 22:30:01
586,rb2210,SHFE,0_0_      769094,     1133552,多,开,4984.000000000001,1,2022-04-12 22:31:00
587,rb2210,SHFE,0_0_      771008,     1138496,空,开,4989.0,4,2022-04-12 22:31:19
588,rb2210,SHFE,0_0_      772869,     1138955,空,平今,4989.0,1,2022-04-12 22:31:21
589,rb2210,SHFE,0_0_      772869,     1138957,空,平今,4989.0,1,2022-04-12 22:31:21
590,rb2210,SHFE,0_0_      773307,     1139583,多,平今,4989.0,3,2022-04-12 22:31:24
591,rb2210,SHFE,0_0_      773556,     1139928,多,平今,4989.0,1,2022-04-12 22:31:25
592,rb2210,SHFE,0_0_      778609,     1146739,空,平今,4985.0,1,2022-04-12 22:32:12
593,rb2210,SHFE,0_0_      781890,     1150987,空,开,4988.0,1,2022-04-12 22:32:36
594,rb2210,SHFE,0_0_      782566,     1151043,多,平今,4987.0,1,2022-04-12 22:32:37
595,rb2210,SHFE,0_0_      806115,     1179521,空,开,4990.0,1,2022-04-12 22:36:19
596,rb2210,SHFE,0_0_      807892,     1181882,多,开,4991.0,1,2022-04-12 22:36:40
597,rb2210,SHFE,0_0_      807892,     1181959,多,开,4991.0,1,2022-04-12 22:36:41
598,rb2210,SHFE,0_0_      807892,     1181965,多,开,4991.0,1,2022-04-12 22:36:41
599,rb2210,SHFE,0_0_      807892,     1181981,多,开,4991.0,1,2022-04-12 22:36:41
600,rb2210,SHFE,0_0_      808317,     1182045,空,平今,4992.0,1,2022-04-12 22:36:42
601,rb2210,SHFE,0_0_      814658,     1188722,空,平今,4991.0,2,2022-04-12 22:37:41
602,rb2210,SHFE,0_0_      823925,     1199738,空,开,4994.0,1,2022-04-12 22:39:00
603,rb2210,SHFE,0_0_      823925,     1199740,空,开,4994.0,1,2022-04-12 22:39:00
604,rb2210,SHFE,0_0_      823925,     1199750,空,开,4994.0,2,2022-04-12 22:39:00
605,rb2210,SHFE,0_0_      826124,     1203065,空,平今,4993.0,1,2022-04-12 22:39:20
606,rb2210,SHFE,0_0_      820766,     1203545,多,平今,4991.0,1,2022-04-12 22:39:23
607,rb2210,SHFE,0_0_      820766,     1203668,多,平今,4991.0,1,2022-04-12 22:39:24
608,rb2210,SHFE,0_0_      826795,     1206095,多,平今,4991.000000000001,4,2022-04-12 22:39:47
609,rb2210,SHFE,0_0_      826949,     1206105,多,平今,4991.000000000001,1,2022-04-12 22:39:47
610,rb2210,SHFE,0_0_      829347,     1206747,空,开,4992.0,4,2022-04-12 22:39:53
611,rb2210,SHFE,0_0_      829458,     1206754,空,开,4992.0,4,2022-04-12 22:39:53
612,rb2210,SHFE,0_0_      830864,     1208207,多,开,4992.0,1,2022-04-12 22:40:07
613,rb2210,SHFE,0_0_      830864,     1208221,多,开,4992.0,1,2022-04-12 22:40:07
614,rb2210,SHFE,0_0_      830864,     1208425,多,开,4992.0,1,2022-04-12 22:40:08
615,rb2210,SHFE,0_0_      831689,     1218535,多,开,4992.0,1,2022-04-12 22:41:40
616,rb2210,SHFE,0_0_      829708,     1220608,多,平今,4991.0,3,2022-04-12 22:42:02
617,rb2210,SHFE,0_0_      844181,     1222426,空,平今,4993.0,1,2022-04-12 22:42:20
618,rb2210,SHFE,0_0_      847125,     1225827,多,平今,4991.0,3,2022-04-12 22:42:51
619,rb2210,SHFE,0_0_      847125,     1225832,多,平今,4991.0,1,2022-04-12 22:42:51
620,rb2210,SHFE,0_0_      853130,     1228511,空,平今,4992.0,2,2022-04-12 22:43:21
621,rb2210,SHFE,0_0_      857443,     1231740,空,开,4992.0,4,2022-04-12 22:43:51
622,rb2210,SHFE,0_0_      857471,     1231917,多,平今,4991.0,4,2022-04-12 22:43:53
623,rb2210,SHFE,0_0_      857611,     1234087,空,开,4992.0,2,2022-04-12 22:44:06
624,rb2210,SHFE,0_0_      857611,     1234102,空,开,4992.0,1,2022-04-12 22:44:06
625,rb2210,SHFE,0_0_      857611,     1235215,空,开,4992.0,1,2022-04-12 22:44:08
626,rb2210,SHFE,0_0_      859797,     1235438,多,平今,4991.0,1,2022-04-12 22:44:09
627,rb2210,SHFE,0_0_      859902,     1249587,空,开,4992.000000000001,1,2022-04-12 22:45:16
628,rb2210,SHFE,0_0_      851166,     1251701,空,开,4993.0,1,2022-04-12 22:45:24
629,rb2210,SHFE,0_0_      851166,     1251706,空,开,4993.0,1,2022-04-12 22:45:24
630,rb2210,SHFE,0_0_      851166,     1251761,空,开,4993.0,1,2022-04-12 22:45:25
631,rb2210,SHFE,0_0_      841780,     1254276,空,平今,4994.0,1,2022-04-12 22:45:47
632,rb2210,SHFE,0_0_      876681,     1259640,多,开,4996.0,1,2022-04-12 22:46:26
633,rb2210,SHFE,0_0_      876681,     1259641,多,开,4996.0,1,2022-04-12 22:46:26
634,rb2210,SHFE,0_0_      876681,     1259644,多,开,4996.0,1,2022-04-12 22:46:26
635,rb2210,SHFE,0_0_      876681,     1259687,多,开,4996.0,1,2022-04-12 22:46:26
636,rb2210,SHFE,0_0_      876681,     1259689,多,开,4996.0,1,2022-04-12 22:46:26
637,rb2210,SHFE,0_0_      878185,     1262802,多,平今,5003.0,8,2022-04-12 22:46:35
638,rb2210,SHFE,0_0_      878513,     1264028,空,平今,5006.0,3,2022-04-12 22:46:40
639,rb2210,SHFE,0_0_      878579,     1264096,多,开,5005.0,1,2022-04-12 22:46:40
640,rb2210,SHFE,0_0_      878579,     1264105,多,开,5005.0,1,2022-04-12 22:46:40
641,rb2210,SHFE,0_0_      878579,     1264106,多,开,5005.0,1,2022-04-12 22:46:40
642,rb2210,SHFE,0_0_      878614,     1264166,空,平今,5006.0,1,2022-04-12 22:46:40
643,rb2210,SHFE,0_0_      878614,     1264168,空,平今,5006.0,2,2022-04-12 22:46:40
644,rb2210,SHFE,0_0_      878623,     1264260,多,开,5005.0,2,2022-04-12 22:46:41
645,rb2210,SHFE,0_0_      878623,     1264326,多,开,5005.0,1,2022-04-12 22:46:41
646,rb2210,SHFE,0_0_      878656,     1264404,空,平今,5006.0,1,2022-04-12 22:46:41
647,rb2210,SHFE,0_0_      878656,     1264406,空,平今,5006.0,2,2022-04-12 22:46:41
648,rb2210,SHFE,0_0_      878714,     1264564,多,开,5005.0,1,2022-04-12 22:46:42
649,rb2210,SHFE,0_0_      879062,     1264994,空,平今,5006.0,3,2022-04-12 22:46:44
650,rb2210,SHFE,0_0_      879107,     1265110,多,开,5005.0,3,2022-04-12 22:46:44
651,rb2210,SHFE,0_0_      879123,     1265124,空,平今,5006.0,1,2022-04-12 22:46:44
652,rb2210,SHFE,0_0_      879123,     1265125,空,平今,5006.0,1,2022-04-12 22:46:44
653,rb2210,SHFE,0_0_      879123,     1265133,空,平今,5006.0,1,2022-04-12 22:46:44
654,rb2210,SHFE,0_0_      879129,     1265169,多,开,5005.0,1,2022-04-12 22:46:44
655,rb2210,SHFE,0_0_      879143,     1265375,空,平今,5006.0,1,2022-04-12 22:46:45
656,rb2210,SHFE,0_0_      879268,     1265488,多,开,5005.0,1,2022-04-12 22:46:46
657,rb2210,SHFE,0_0_      879282,     1265490,空,平今,5006.0,1,2022-04-12 22:46:46
658,rb2210,SHFE,0_0_      879283,     1266169,多,开,5005.0,1,2022-04-12 22:46:50
659,rb2210,SHFE,0_0_      879625,     1266212,空,平今,5006.0,1,2022-04-12 22:46:50
660,rb2210,SHFE,0_0_      880328,     1267361,多,开,5007.0,4,2022-04-12 22:46:56
661,rb2210,SHFE,0_0_      880368,     1267448,多,开,5007.0,1,2022-04-12 22:46:56
662,rb2210,SHFE,0_0_      880392,     1267562,空,平今,5008.0,1,2022-04-12 22:46:57
663,rb2210,SHFE,0_0_      880415,     1267666,多,开,5007.0,1,2022-04-12 22:46:57
664,rb2210,SHFE,0_0_      880473,     1267677,空,平今,5008.0,1,2022-04-12 22:46:57
665,rb2210,SHFE,0_0_      880474,     1267702,多,开,5007.0,1,2022-04-12 22:46:57
666,rb2210,SHFE,0_0_      880479,     1267760,空,平今,5008.0,1,2022-04-12 22:46:58
667,rb2210,SHFE,0_0_      880561,     1268000,空,平今,5008.0,1,2022-04-12 22:46:59
668,rb2210,SHFE,0_0_      880561,     1268001,空,平今,5008.0,3,2022-04-12 22:46:59
669,rb2210,SHFE,0_0_      882329,     1272175,空,开,5010.0,3,2022-04-12 22:47:12
670,rb2210,SHFE,0_0_      883041,     1273644,多,平今,5009.0,1,2022-04-12 22:47:18
671,rb2210,SHFE,0_0_      883308,     1273859,空,开,5010.0,2,2022-04-12 22:47:19
672,rb2210,SHFE,0_0_      883784,     1275031,空,开,5009.0,2,2022-04-12 22:47:25
673,rb2210,SHFE,0_0_      888636,     1281802,多,平今,5008.0,1,2022-04-12 22:48:05
674,rb2210,SHFE,0_0_      888636,     1281808,多,平今,5008.0,1,2022-04-12 22:48:05
675,rb2210,SHFE,0_0_      889262,     1283152,空,开,5009.0,1,2022-04-12 22:48:07
676,rb2210,SHFE,0_0_      889262,     1283157,空,开,5009.0,1,2022-04-12 22:48:07
677,rb2210,SHFE,0_0_      889271,     1283380,多,平今,5008.0,2,2022-04-12 22:48:07
678,rb2210,SHFE,0_0_      889301,     1283713,空,开,5009.0,2,2022-04-12 22:48:08
679,rb2210,SHFE,0_0_      889559,     1286416,多,平今,5008.0,2,2022-04-12 22:48:22
680,rb2210,SHFE,0_0_      891481,     1286673,空,开,5009.0,2,2022-04-12 22:48:23
681,rb2210,SHFE,0_0_      891861,     1288133,多,平今,5008.0,1,2022-04-12 22:48:35
682,rb2210,SHFE,0_0_      895705,     1291887,多,平今,5009.0,4,2022-04-12 22:49:00
683,rb2210,SHFE,0_0_      896615,     1292902,多,平今,5009.0,1,2022-04-12 22:49:04
684,rb2210,SHFE,0_0_      896871,     1293048,多,开,5009.0,4,2022-04-12 22:49:05
685,rb2210,SHFE,0_0_      897319,     1294450,多,开,5009.0,1,2022-04-12 22:49:14
686,rb2210,SHFE,0_0_      897319,     1294466,多,开,5009.0,1,2022-04-12 22:49:14
687,rb2210,SHFE,0_0_      897319,     1294517,多,开,5009.0,1,2022-04-12 22:49:15
688,rb2210,SHFE,0_0_      897319,     1294561,多,开,5009.0,1,2022-04-12 22:49:15
689,rb2210,SHFE,0_0_      898039,     1294914,空,平今,5010.0,1,2022-04-12 22:49:19
690,rb2210,SHFE,0_0_      898267,     1295163,空,平今,5010.0,3,2022-04-12 22:49:21
691,rb2210,SHFE,0_0_      898511,     1295415,多,开,5009.0,3,2022-04-12 22:49:23
692,rb2210,SHFE,0_0_      899013,     1296233,空,平今,5010.0,2,2022-04-12 22:49:25
693,rb2210,SHFE,0_0_      899013,     1296252,空,平今,5010.0,1,2022-04-12 22:49:26
694,rb2210,SHFE,0_0_      900314,     1297893,多,开,5011.0,1,2022-04-12 22:49:34
695,rb2210,SHFE,0_0_      899190,     1301923,多,开,5009.0,1,2022-04-12 22:49:58
696,rb2210,SHFE,0_0_      903610,     1302074,空,平今,5010.0,1,2022-04-12 22:49:59
697,rb2210,SHFE,0_0_      903477,     1302436,空,开,5011.0,4,2022-04-12 22:50:01
698,rb2210,SHFE,0_0_      903974,     1302754,多,平今,5010.0,2,2022-04-12 22:50:03
699,rb2210,SHFE,0_0_      903974,     1302758,多,平今,5010.0,2,2022-04-12 22:50:03
700,rb2210,SHFE,0_0_      906283,     1305145,空,开,5012.0,2,2022-04-12 22:50:18
701,rb2210,SHFE,0_0_      906419,     1305182,多,开,5012.0,1,2022-04-12 22:50:19
702,rb2210,SHFE,0_0_      906419,     1305195,多,开,5012.0,1,2022-04-12 22:50:19
703,rb2210,SHFE,0_0_      906419,     1305196,多,开,5012.0,1,2022-04-12 22:50:19
704,rb2210,SHFE,0_0_      901418,     1307516,空,平今,5014.0,4,2022-04-12 22:50:28
705,rb2210,SHFE,0_0_      910163,     1310011,空,开,5013.0,1,2022-04-12 22:50:49
706,rb2210,SHFE,0_0_      910857,     1310522,多,平今,5012.000000000001,2,2022-04-12 22:50:52
707,rb2210,SHFE,0_0_      914544,     1316240,空,开,5010.0,4,2022-04-12 22:51:21
708,rb2210,SHFE,0_0_      924834,     1338797,空,开,5008.0,1,2022-04-12 22:54:02
709,rb2210,SHFE,0_0_      939987,     1343867,空,平今,5005.0,1,2022-04-12 22:54:31
710,rb2210,SHFE,0_0_      939987,     1344231,空,平今,5005.0,1,2022-04-12 22:54:33
711,rb2210,SHFE,0_0_      939987,     1344401,空,平今,5005.0,1,2022-04-12 22:54:33
712,rb2210,SHFE,0_0_      939987,     1344545,空,平今,5005.0,1,2022-04-12 22:54:34
713,rb2210,SHFE,0_0_      958089,     1367053,多,平今,5008.0,4,2022-04-12 22:56:46
714,rb2210,SHFE,0_0_      959438,     1368984,多,开,5010.000000000001,3,2022-04-12 22:56:57
715,rb2210,SHFE,0_0_      962353,     1372870,空,开,5014.0,4,2022-04-12 22:57:17
716,rb2210,SHFE,0_0_      962717,     1373033,多,开,5014.0,1,2022-04-12 22:57:17
717,rb2210,SHFE,0_0_      962717,     1373034,多,开,5014.0,1,2022-04-12 22:57:17
718,rb2210,SHFE,0_0_      962717,     1373035,多,开,5014.0,1,2022-04-12 22:57:17
719,rb2210,SHFE,0_0_      964494,     1375725,多,平今,5015.0,1,2022-04-12 22:57:30
720,rb2210,SHFE,0_0_      964494,     1375751,多,平今,5015.0,2,2022-04-12 22:57:30
721,rb2210,SHFE,0_0_      966624,     1380228,空,平今,5017.0,1,2022-04-12 22:57:50
722,rb2210,SHFE,0_0_      968136,     1384422,空,平今,5018.0,4,2022-04-12 22:58:06
723,rb2210,SHFE,0_0_      969628,     1384554,多,开,5017.0,5,2022-04-12 22:58:07
724,rb2210,SHFE,0_0_      975759,     1396180,多,平今,5019.0,1,2022-04-12 22:59:00
725,rb2210,SHFE,0_0_     1280178,     1680513,空,平今,4966.0,1,2022-04-13 09:00:11
726,rb2210,SHFE,0_0_     1280222,     1681474,空,开,4965.0,1,2022-04-13 09:00:12
727,rb2210,SHFE,0_0_     1280222,     1681475,空,开,4965.0,1,2022-04-13 09:00:12
728,rb2210,SHFE,0_0_     1280222,     1681476,空,开,4965.0,1,2022-04-13 09:00:12
729,rb2210,SHFE,0_0_     1280222,     1681481,空,开,4965.0,3,2022-04-13 09:00:12
730,rb2210,SHFE,0_0_     1280248,     1683292,空,平今,4965.0,3,2022-04-13 09:00:14
731,rb2210,SHFE,0_0_     1280369,     1683348,多,平今,4964.0,2,2022-04-13 09:00:14
732,rb2210,SHFE,0_0_     1280369,     1683374,多,平今,4964.0,1,2022-04-13 09:00:14
733,rb2210,SHFE,0_0_     1280455,     1685644,多,开,4965.0,4,2022-04-13 09:00:17
734,rb2210,SHFE,0_0_     1280519,     1685669,空,平今,4966.0,4,2022-04-13 09:00:17
735,rb2210,SHFE,0_0_     1280520,     1685997,多,开,4965.0,4,2022-04-13 09:00:17
736,rb2210,SHFE,0_0_     1280548,     1686004,空,平今,4966.0,1,2022-04-13 09:00:17
737,rb2210,SHFE,0_0_     1280548,     1686008,空,平今,4966.0,1,2022-04-13 09:00:17
738,rb2210,SHFE,0_0_     1280548,     1686011,空,平今,4966.0,2,2022-04-13 09:00:17
739,rb2210,SHFE,0_0_     1280549,     1686067,多,开,4965.0,4,2022-04-13 09:00:17
740,rb2210,SHFE,0_0_     1280377,     1686347,多,平今,4964.0,4,2022-04-13 09:00:18
741,rb2210,SHFE,0_0_     1280580,     1686637,空,开,4965.000000000001,1,2022-04-13 09:00:18
742,rb2210,SHFE,0_0_     1280580,     1686638,空,开,4965.000000000001,1,2022-04-13 09:00:18
743,rb2210,SHFE,0_0_     1280580,     1686640,空,开,4965.000000000001,1,2022-04-13 09:00:18
744,rb2210,SHFE,0_0_     1280580,     1686643,空,开,4965.000000000001,1,2022-04-13 09:00:18
745,rb2210,SHFE,0_0_     1280550,     1686905,空,平今,4966.0,1,2022-04-13 09:00:18
746,rb2210,SHFE,0_0_     1280550,     1686922,空,平今,4966.0,2,2022-04-13 09:00:18
747,rb2210,SHFE,0_0_     1280550,     1686944,空,平今,4966.0,1,2022-04-13 09:00:18
748,rb2210,SHFE,0_0_     1280606,     1686969,多,平今,4965.0,4,2022-04-13 09:00:18
749,rb2210,SHFE,0_0_     1280685,     1688046,空,开,4965.0,3,2022-04-13 09:00:20
750,rb2210,SHFE,0_0_     1281078,     1692297,多,平今,4966.0,1,2022-04-13 09:00:27
751,rb2210,SHFE,0_0_     1281706,     1698879,多,开,4973.0,4,2022-04-13 09:00:40
752,rb2210,SHFE,0_0_     1282215,     1703670,多,平今,4971.0,3,2022-04-13 09:00:51
753,rb2210,SHFE,0_0_     1282265,     1704100,空,平今,4971.0,1,2022-04-13 09:00:52
754,rb2210,SHFE,0_0_     1282265,     1704116,空,平今,4971.0,1,2022-04-13 09:00:52
755,rb2210,SHFE,0_0_     1282265,     1704129,空,平今,4971.0,1,2022-04-13 09:00:52
756,rb2210,SHFE,0_0_     1282294,     1704833,空,平今,4971.0,3,2022-04-13 09:00:54
757,rb2210,SHFE,0_0_     1282360,     1705284,空,开,4971.0,3,2022-04-13 09:00:55
758,rb2210,SHFE,0_0_     1282415,     1705493,多,开,4971.0,4,2022-04-13 09:00:55
759,rb2210,SHFE,0_0_     1283665,     1721321,空,平今,4972.0,4,2022-04-13 09:01:20
760,rb2210,SHFE,0_0_     1284372,     1728428,空,开,4974.0,1,2022-04-13 09:01:33
761,rb2210,SHFE,0_0_     1285397,     1739217,多,开,4981.0,1,2022-04-13 09:02:00
762,rb2210,SHFE,0_0_     1285397,     1739218,多,开,4981.0,2,2022-04-13 09:02:00
763,rb2210,SHFE,0_0_     1285397,     1739242,多,开,4981.0,5,2022-04-13 09:02:00
764,rb2210,SHFE,0_0_     1286054,     1746641,空,平今,4981.0,8,2022-04-13 09:02:13
765,rb2210,SHFE,0_0_     1286379,     1748822,多,平今,4981.0,4,2022-04-13 09:02:17
766,rb2210,SHFE,0_0_     1286447,     1749495,空,开,4981.0,4,2022-04-13 09:02:19
767,rb2210,SHFE,0_0_     1286538,     1750297,多,平今,4980.0,4,2022-04-13 09:02:21
768,rb2210,SHFE,0_0_     1286739,     1751708,空,开,4979.0,1,2022-04-13 09:02:25
769,rb2210,SHFE,0_0_     1286739,     1751709,空,开,4979.0,1,2022-04-13 09:02:25
770,rb2210,SHFE,0_0_     1286739,     1751715,空,开,4979.0,2,2022-04-13 09:02:25
771,rb2210,SHFE,0_0_     1287251,     1755742,多,开,4979.0,8,2022-04-13 09:02:37
772,rb2210,SHFE,0_0_     1287926,     1759565,多,平今,4982.0,1,2022-04-13 09:02:51
773,rb2210,SHFE,0_0_     1288074,     1760218,多,平今,4982.0,2,2022-04-13 09:02:53
774,rb2210,SHFE,0_0_     1288092,     1760231,空,平今,4983.0,2,2022-04-13 09:02:53
775,rb2210,SHFE,0_0_     1288093,     1760393,多,开,4982.0,2,2022-04-13 09:02:53
776,rb2210,SHFE,0_0_     1288134,     1760402,空,平今,4983.0,2,2022-04-13 09:02:53
777,rb2210,SHFE,0_0_     1289312,     1767312,空,开,4989.0,4,2022-04-13 09:03:10
778,rb2210,SHFE,0_0_     1289312,     1767315,空,开,4989.0,1,2022-04-13 09:03:10
779,rb2210,SHFE,0_0_     1289312,     1767438,空,开,4989.0,1,2022-04-13 09:03:11
780,rb2210,SHFE,0_0_     1289312,     1767444,空,开,4989.0,1,2022-04-13 09:03:11
781,rb2210,SHFE,0_0_     1289476,     1768113,多,平今,4989.0,4,2022-04-13 09:03:13
782,rb2210,SHFE,0_0_     1290606,     1772692,空,平今,4993.0,5,2022-04-13 09:03:25
783,rb2210,SHFE,0_0_     1289983,     1775762,多,平今,4989.0,3,2022-04-13 09:03:34
784,rb2210,SHFE,0_0_     1291476,     1777464,空,开,4989.0,4,2022-04-13 09:03:38
785,rb2210,SHFE,0_0_     1291515,     1777877,多,平今,4988.0,4,2022-04-13 09:03:39
786,rb2210,SHFE,0_0_     1291613,     1778279,空,开,4989.0,1,2022-04-13 09:03:41
787,rb2210,SHFE,0_0_     1291613,     1778280,空,开,4989.0,1,2022-04-13 09:03:41
788,rb2210,SHFE,0_0_     1291613,     1778285,空,开,4989.0,1,2022-04-13 09:03:41
789,rb2210,SHFE,0_0_     1291661,     1780017,多,开,4988.0,5,2022-04-13 09:03:47
790,rb2210,SHFE,0_0_     1292077,     1780045,空,平今,4989.0,5,2022-04-13 09:03:47
791,rb2210,SHFE,0_0_     1292082,     1781955,多,开,4988.0,1,2022-04-13 09:03:55
792,rb2210,SHFE,0_0_     1292082,     1781964,多,开,4988.0,4,2022-04-13 09:03:55
793,rb2210,SHFE,0_0_     1294039,     1787001,空,开,4984.000000000001,4,2022-04-13 09:04:14
794,rb2210,SHFE,0_0_     1294077,     1787204,多,平今,4984.0,4,2022-04-13 09:04:15
795,rb2210,SHFE,0_0_     1294107,     1787312,多,平今,4983.0,4,2022-04-13 09:04:16
796,rb2210,SHFE,0_0_     1294143,     1787639,空,平今,4983.0,1,2022-04-13 09:04:18
797,rb2210,SHFE,0_0_     1294254,     1787823,多,开,4982.0,1,2022-04-13 09:04:19
798,rb2210,SHFE,0_0_     1294357,     1788884,空,开,4982.0,4,2022-04-13 09:04:22
799,rb2210,SHFE,0_0_     1294515,     1788896,多,平今,4981.0,4,2022-04-13 09:04:22
800,rb2210,SHFE,0_0_     1294516,     1790920,空,开,4982.000000000001,2,2022-04-13 09:04:29
801,rb2210,SHFE,0_0_     1294909,     1791996,空,开,4982.0,4,2022-04-13 09:04:33
802,rb2210,SHFE,0_0_     1295222,     1792460,多,平今,4981.0,3,2022-04-13 09:04:35
803,rb2210,SHFE,0_0_     1296025,     1795175,空,平今,4979.0,6,2022-04-13 09:04:47
804,rb2210,SHFE,0_0_     1296184,     1796113,空,开,4976.0,2,2022-04-13 09:04:49
805,rb2210,SHFE,0_0_     1296488,     1797646,多,平今,4974.0,2,2022-04-13 09:04:54
806,rb2210,SHFE,0_0_     1296512,     1799334,多,开,4973.0,4,2022-04-13 09:04:59
807,rb2210,SHFE,0_0_     1297686,     1802227,多,开,4974.0,4,2022-04-13 09:05:05
808,rb2210,SHFE,0_0_     1297705,     1802274,空,平今,4975.0,4,2022-04-13 09:05:05
809,rb2210,SHFE,0_0_     1297712,     1802282,多,开,4974.0,1,2022-04-13 09:05:05
810,rb2210,SHFE,0_0_     1297712,     1802476,多,开,4974.0,1,2022-04-13 09:05:05
811,rb2210,SHFE,0_0_     1297712,     1802535,多,开,4974.0,2,2022-04-13 09:05:06
812,rb2210,SHFE,0_0_     1297834,     1802884,空,平今,4976.0,4,2022-04-13 09:05:06
813,rb2210,SHFE,0_0_     1297928,     1803105,空,平今,4976.0,4,2022-04-13 09:05:07
814,rb2210,SHFE,0_0_     1297931,     1803136,多,开,4975.0,4,2022-04-13 09:05:07
815,rb2210,SHFE,0_0_     1298553,     1805489,空,平今,4973.0,1,2022-04-13 09:05:13
816,rb2210,SHFE,0_0_     1298630,     1806245,多,开,4973.0,4,2022-04-13 09:05:14
817,rb2210,SHFE,0_0_     1301028,     1813213,空,开,4972.0,1,2022-04-13 09:05:39
818,rb2210,SHFE,0_0_     1301028,     1813223,空,开,4972.0,3,2022-04-13 09:05:39
819,rb2210,SHFE,0_0_     1301028,     1813224,空,开,4972.0,1,2022-04-13 09:05:39
820,rb2210,SHFE,0_0_     1301122,     1813863,空,平今,4971.0,3,2022-04-13 09:05:41
821,rb2210,SHFE,0_0_     1302166,     1817187,空,平今,4968.0,2,2022-04-13 09:05:53
822,rb2210,SHFE,0_0_     1302044,     1818203,空,平今,4970.0,2,2022-04-13 09:05:56
823,rb2210,SHFE,0_0_     1302505,     1818588,多,平今,4970.0,8,2022-04-13 09:05:57
824,rb2210,SHFE,0_0_     1302978,     1819568,空,开,4971.0,8,2022-04-13 09:06:00
825,rb2210,SHFE,0_0_     1303168,     1819772,多,平今,4970.0,2,2022-04-13 09:06:01
826,rb2210,SHFE,0_0_     1303168,     1819774,多,平今,4970.0,2,2022-04-13 09:06:01
827,rb2210,SHFE,0_0_     1303168,     1819815,多,平今,4970.0,1,2022-04-13 09:06:01
828,rb2210,SHFE,0_0_     1303168,     1819816,多,平今,4970.0,1,2022-04-13 09:06:01
829,rb2210,SHFE,0_0_     1303168,     1819817,多,平今,4970.0,1,2022-04-13 09:06:01
830,rb2210,SHFE,0_0_     1303168,     1819818,多,平今,4970.0,1,2022-04-13 09:06:01
831,rb2210,SHFE,0_0_     1303503,     1822027,多,开,4973.0,4,2022-04-13 09:06:09
832,rb2210,SHFE,0_0_     1304085,     1822297,空,平今,4974.0,1,2022-04-13 09:06:10
833,rb2210,SHFE,0_0_     1304085,     1822298,空,平今,4974.0,3,2022-04-13 09:06:10
834,rb2210,SHFE,0_0_     1304258,     1822330,多,开,4973.0,4,2022-04-13 09:06:10
835,rb2210,SHFE,0_0_     1304259,     1822876,空,平今,4974.0,2,2022-04-13 09:06:12
836,rb2210,SHFE,0_0_     1304259,     1822878,空,平今,4974.0,2,2022-04-13 09:06:12
837,rb2210,SHFE,0_0_     1304398,     1822969,多,开,4973.0,4,2022-04-13 09:06:12
838,rb2210,SHFE,0_0_     1304423,     1823537,空,平今,4974.0,4,2022-04-13 09:06:16
839,rb2210,SHFE,0_0_     1304613,     1824342,多,开,4973.000000000001,4,2022-04-13 09:06:20
840,rb2210,SHFE,0_0_     1304871,     1824728,空,平今,4974.0,4,2022-04-13 09:06:22
841,rb2210,SHFE,0_0_     1305123,     1824756,多,开,4973.0,1,2022-04-13 09:06:22
842,rb2210,SHFE,0_0_     1305123,     1824757,多,开,4973.0,1,2022-04-13 09:06:22
843,rb2210,SHFE,0_0_     1305123,     1824763,多,开,4973.0,1,2022-04-13 09:06:22
844,rb2210,SHFE,0_0_     1305123,     1824942,多,开,4973.0,1,2022-04-13 09:06:22
845,rb2210,SHFE,0_0_     1305246,     1825194,多,开,4973.0,3,2022-04-13 09:06:23
846,rb2210,SHFE,0_0_     1305359,     1825325,空,平今,4974.0,2,2022-04-13 09:06:24
847,rb2210,SHFE,0_0_     1305407,     1825610,空,平今,4974.0,1,2022-04-13 09:06:24
848,rb2210,SHFE,0_0_     1305407,     1825681,空,平今,4974.0,1,2022-04-13 09:06:25
849,rb2210,SHFE,0_0_     1305407,     1825682,空,平今,4974.0,1,2022-04-13 09:06:25
850,rb2210,SHFE,0_0_     1305407,     1825683,空,平今,4974.0,1,2022-04-13 09:06:25
851,rb2210,SHFE,0_0_     1305436,     1826224,空,开,4974.0,4,2022-04-13 09:06:27
852,rb2210,SHFE,0_0_     1305520,     1826362,多,平今,4973.0,3,2022-04-13 09:06:28
853,rb2210,SHFE,0_0_     1305550,     1827577,空,开,4974.0,3,2022-04-13 09:06:33
854,rb2210,SHFE,0_0_     1305550,     1827584,空,开,4974.0,1,2022-04-13 09:06:33
855,rb2210,SHFE,0_0_     1305550,     1827688,空,开,4974.0,1,2022-04-13 09:06:33
856,rb2210,SHFE,0_0_     1305550,     1827957,空,开,4974.0,1,2022-04-13 09:06:35
857,rb2210,SHFE,0_0_     1306457,     1835058,多,平今,4973.0,1,2022-04-13 09:07:07
858,rb2210,SHFE,0_0_     1306457,     1835451,多,平今,4973.0,1,2022-04-13 09:07:08
859,rb2210,SHFE,0_0_     1306457,     1835453,多,平今,4973.0,1,2022-04-13 09:07:08
860,rb2210,SHFE,0_0_     1306457,     1835484,多,平今,4973.0,1,2022-04-13 09:07:09
861,rb2210,SHFE,0_0_     1316474,     1845532,空,开,4967.0,2,2022-04-13 09:07:46
862,rb2210,SHFE,0_0_     1316489,     1845890,多,平今,4966.0,1,2022-04-13 09:07:47
863,rb2210,SHFE,0_0_     1316489,     1845903,多,平今,4966.0,1,2022-04-13 09:07:47
864,rb2210,SHFE,0_0_     1316688,     1846427,空,开,4967.0,2,2022-04-13 09:07:49
865,rb2210,SHFE,0_0_     1316847,     1846432,多,平今,4966.0,1,2022-04-13 09:07:49
866,rb2210,SHFE,0_0_     1316847,     1846434,多,平今,4966.0,1,2022-04-13 09:07:49
867,rb2210,SHFE,0_0_     1316851,     1847545,空,开,4967.0,2,2022-04-13 09:07:54
868,rb2210,SHFE,0_0_     1317605,     1847628,多,平今,4966.0,2,2022-04-13 09:07:54
869,rb2210,SHFE,0_0_     1319550,     1851742,多,开,4963.0,1,2022-04-13 09:08:05
870,rb2210,SHFE,0_0_     1319550,     1851997,多,开,4963.0,3,2022-04-13 09:08:06
871,rb2210,SHFE,0_0_     1320804,     1853490,空,平今,4964.0,4,2022-04-13 09:08:11
872,rb2210,SHFE,0_0_     1320906,     1853772,多,开,4963.0,5,2022-04-13 09:08:12
873,rb2210,SHFE,0_0_     1321227,     1853785,空,平今,4964.0,1,2022-04-13 09:08:12
874,rb2210,SHFE,0_0_     1321227,     1853786,空,平今,4964.0,4,2022-04-13 09:08:12
875,rb2210,SHFE,0_0_     1321752,     1855984,空,开,4964.0,4,2022-04-13 09:08:22
876,rb2210,SHFE,0_0_     1328352,     1862200,多,开,4966.0,4,2022-04-13 09:08:55
877,rb2210,SHFE,0_0_     1328825,     1862270,空,平今,4967.0,4,2022-04-13 09:08:55
878,rb2210,SHFE,0_0_     1328833,     1862507,多,开,4966.0,4,2022-04-13 09:08:57
879,rb2210,SHFE,0_0_     1322645,     1864218,多,平今,4963.0,7,2022-04-13 09:09:03
880,rb2210,SHFE,0_0_     1330049,     1864514,空,开,4964.0,7,2022-04-13 09:09:04
881,rb2210,SHFE,0_0_     1330258,     1864593,多,平今,4963.0,6,2022-04-13 09:09:04
882,rb2210,SHFE,0_0_     1330258,     1864759,多,平今,4963.0,1,2022-04-13 09:09:05
883,rb2210,SHFE,0_0_     1330393,     1864908,空,开,4964.0,4,2022-04-13 09:09:05
884,rb2210,SHFE,0_0_     1330771,     1865070,空,开,4964.0,1,2022-04-13 09:09:06
885,rb2210,SHFE,0_0_     1330782,     1865806,多,平今,4963.0,1,2022-04-13 09:09:11
886,rb2210,SHFE,0_0_     1331616,     1865936,空,开,4964.0,1,2022-04-13 09:09:12
887,rb2210,SHFE,0_0_     1331733,     1866542,多,平今,4963.0,1,2022-04-13 09:09:14
888,rb2210,SHFE,0_0_     1332637,     1867870,空,开,4965.0,1,2022-04-13 09:09:19
889,rb2210,SHFE,0_0_     1332637,     1867878,空,开,4965.0,2,2022-04-13 09:09:19
890,rb2210,SHFE,0_0_     1332855,     1867986,多,平今,4965.0,2,2022-04-13 09:09:20
891,rb2210,SHFE,0_0_     1333010,     1868157,空,开,4965.0,1,2022-04-13 09:09:21
892,rb2210,SHFE,0_0_     1329386,     1869385,空,平今,4967.0,1,2022-04-13 09:09:27
893,rb2210,SHFE,0_0_     1329386,     1869436,空,平今,4967.0,3,2022-04-13 09:09:27
894,rb2210,SHFE,0_0_     1334546,     1869840,多,平今,4966.0,1,2022-04-13 09:09:29
895,rb2210,SHFE,0_0_     1334546,     1869888,多,平今,4966.0,1,2022-04-13 09:09:30
896,rb2210,SHFE,0_0_     1334870,     1869976,多,开,4966.000000000001,1,2022-04-13 09:09:30
897,rb2210,SHFE,0_0_     1336151,     1871255,空,开,4967.0,4,2022-04-13 09:09:35
898,rb2210,SHFE,0_0_     1336221,     1872224,多,平今,4966.0,2,2022-04-13 09:09:42
899,rb2210,SHFE,0_0_     1337439,     1872524,多,开,4966.0,2,2022-04-13 09:09:44
900,rb2210,SHFE,0_0_     1337439,     1872525,多,开,4966.0,2,2022-04-13 09:09:44
901,rb2210,SHFE,0_0_     1337709,     1872627,空,平今,4967.0,4,2022-04-13 09:09:45
902,rb2210,SHFE,0_0_     1338265,     1872967,多,平今,4966.0,2,2022-04-13 09:09:48
903,rb2210,SHFE,0_0_     1333420,     1873467,多,平今,4964.0,1,2022-04-13 09:09:52
904,rb2210,SHFE,0_0_     1339364,     1874330,多,开,4964.0,4,2022-04-13 09:09:54
905,rb2210,SHFE,0_0_     1339449,     1874639,空,平今,4965.0,3,2022-04-13 09:09:56
906,rb2210,SHFE,0_0_     1339735,     1875115,多,开,4964.0,3,2022-04-13 09:09:58
907,rb2210,SHFE,0_0_     1339735,     1875385,多,开,4964.0,1,2022-04-13 09:09:59
908,rb2210,SHFE,0_0_     1332168,     1875918,多,平今,4963.0,3,2022-04-13 09:10:01
909,rb2210,SHFE,0_0_     1340538,     1876390,空,平今,4963.0,1,2022-04-13 09:10:02
910,rb2210,SHFE,0_0_     1340323,     1876763,空,平今,4964.0,3,2022-04-13 09:10:03
911,rb2210,SHFE,0_0_     1340616,     1876787,空,平今,4964.0,2,2022-04-13 09:10:03
912,rb2210,SHFE,0_0_     1341770,     1879235,空,开,4968.0,1,2022-04-13 09:10:10
913,rb2210,SHFE,0_0_     1342297,     1879708,空,开,4967.0,1,2022-04-13 09:10:12
914,rb2210,SHFE,0_0_     1342367,     1879833,多,平今,4967.0,2,2022-04-13 09:10:13
915,rb2210,SHFE,0_0_     1342453,     1879894,空,开,4968.0,2,2022-04-13 09:10:13
916,rb2210,SHFE,0_0_     1342468,     1880098,多,平今,4967.0,2,2022-04-13 09:10:14
917,rb2210,SHFE,0_0_     1342588,     1881576,空,开,4968.0,1,2022-04-13 09:10:20
918,rb2210,SHFE,0_0_     1342588,     1882123,空,开,4968.0,1,2022-04-13 09:10:22
919,rb2210,SHFE,0_0_     1344186,     1882272,多,平今,4967.0,1,2022-04-13 09:10:22
920,rb2210,SHFE,0_0_     1349490,     1887745,多,开,4975.0,6,2022-04-13 09:10:50
921,rb2210,SHFE,0_0_     1354138,     1893108,空,平今,4978.0,4,2022-04-13 09:11:15
922,rb2210,SHFE,0_0_     1360554,     1898741,空,开,4978.0,5,2022-04-13 09:11:51
923,rb2210,SHFE,0_0_     1360682,     1899988,多,平今,4977.0,1,2022-04-13 09:12:00
924,rb2210,SHFE,0_0_     1360682,     1899989,多,平今,4977.0,3,2022-04-13 09:12:00
925,rb2210,SHFE,0_0_     1361729,     1900119,空,开,4978.0,2,2022-04-13 09:12:00
926,rb2210,SHFE,0_0_     1361729,     1900217,空,开,4978.0,1,2022-04-13 09:12:01
927,rb2210,SHFE,0_0_     1361729,     1900226,空,开,4978.0,1,2022-04-13 09:12:01
928,rb2210,SHFE,0_0_     1362296,     1902674,空,开,4975.0,2,2022-04-13 09:12:07
929,rb2210,SHFE,0_0_     1363576,     1903443,多,平今,4974.0,2,2022-04-13 09:12:09
930,rb2210,SHFE,0_0_     1364031,     1903472,空,开,4975.0,2,2022-04-13 09:12:10
931,rb2210,SHFE,0_0_     1364034,     1903895,多,平今,4974.0,2,2022-04-13 09:12:12
932,rb2210,SHFE,0_0_     1365276,     1905229,多,平今,4973.0,1,2022-04-13 09:12:15
933,rb2210,SHFE,0_0_     1366051,     1907036,多,平今,4973.0,2,2022-04-13 09:12:23
934,rb2210,SHFE,0_0_     1382700,     1928171,空,平今,4971.0,1,2022-04-13 09:13:53
935,rb2210,SHFE,0_0_     1383619,     1929408,空,开,4969.0,2,2022-04-13 09:14:00
936,rb2210,SHFE,0_0_     1366923,     1935897,空,开,4974.0,2,2022-04-13 09:14:35
937,rb2210,SHFE,0_0_     1388068,     1937251,多,平今,4970.0,4,2022-04-13 09:14:47
938,rb2210,SHFE,0_0_     1394135,     1939157,空,开,4970.0,4,2022-04-13 09:14:56
939,rb2210,SHFE,0_0_     1397953,     1945431,空,平今,4966.0,1,2022-04-13 09:15:15
940,rb2210,SHFE,0_0_     1399294,     1951888,空,平今,4964.0,1,2022-04-13 09:15:35
941,rb2210,SHFE,0_0_     1407300,     1968671,多,平今,4967.0,1,2022-04-13 09:17:04
942,rb2210,SHFE,0_0_     1418043,     1970935,空,开,4969.0,1,2022-04-13 09:17:20
943,rb2210,SHFE,0_0_     1418557,     1971250,多,平今,4968.0,1,2022-04-13 09:17:21
944,rb2210,SHFE,0_0_     1407299,     1972896,多,平今,4966.0,2,2022-04-13 09:17:30
945,rb2210,SHFE,0_0_     1418592,     1975272,空,开,4969.0,1,2022-04-13 09:17:43
946,rb2210,SHFE,0_0_     1419089,     1975332,空,开,4969.0,1,2022-04-13 09:17:43
947,rb2210,SHFE,0_0_     1423432,     1976886,多,平今,4969.0,1,2022-04-13 09:17:53
948,rb2210,SHFE,0_0_     1423655,     1977004,空,开,4969.0,1,2022-04-13 09:17:54
949,rb2210,SHFE,0_0_     1421919,     1977432,多,平今,4968.0,1,2022-04-13 09:17:57
950,rb2210,SHFE,0_0_     1424315,     1977768,空,开,4969.0,1,2022-04-13 09:17:59
951,rb2210,SHFE,0_0_     1425499,     1979534,多,平今,4967.0,2,2022-04-13 09:18:08
952,rb2210,SHFE,0_0_     1425693,     1986093,空,开,4968.0,1,2022-04-13 09:18:53
953,rb2210,SHFE,0_0_     1425693,     1986100,空,开,4968.0,2,2022-04-13 09:18:53
954,rb2210,SHFE,0_0_     1425693,     1986114,空,开,4968.0,1,2022-04-13 09:18:53
955,rb2210,SHFE,0_0_     1432212,     1986629,多,平今,4967.000000000001,1,2022-04-13 09:18:57
956,rb2210,SHFE,0_0_     1432212,     1986728,多,平今,4967.0,1,2022-04-13 09:18:57
957,rb2210,SHFE,0_0_     1432212,     1986821,多,平今,4967.0,2,2022-04-13 09:18:58
958,rb2210,SHFE,0_0_     1431245,     1989047,多,平今,4966.0,2,2022-04-13 09:19:12
959,rb2210,SHFE,0_0_     1402219,     1993109,多,开,4963.0,2,2022-04-13 09:19:35
960,rb2210,SHFE,0_0_     1402219,     1993110,多,开,4963.0,1,2022-04-13 09:19:35
961,rb2210,SHFE,0_0_     1402219,     1993141,多,开,4963.0,5,2022-04-13 09:19:35
962,rb2210,SHFE,0_0_     1438414,     1994033,空,平今,4963.0,1,2022-04-13 09:19:40
963,rb2210,SHFE,0_0_     1438956,     1994795,多,平今,4962.0,1,2022-04-13 09:19:43
964,rb2210,SHFE,0_0_     1438956,     1994796,多,平今,4962.0,1,2022-04-13 09:19:43
965,rb2210,SHFE,0_0_     1439251,     1996403,多,开,4962.0,1,2022-04-13 09:19:53
966,rb2210,SHFE,0_0_     1441012,     1997769,空,平今,4961.0,1,2022-04-13 09:20:00
967,rb2210,SHFE,0_0_     1441012,     1997811,空,平今,4961.0,1,2022-04-13 09:20:00
968,rb2210,SHFE,0_0_     1441012,     1997829,空,平今,4961.0,1,2022-04-13 09:20:00
969,rb2210,SHFE,0_0_     1441012,     1997830,空,平今,4961.0,1,2022-04-13 09:20:00
970,rb2210,SHFE,0_0_     1441501,     2002579,多,开,4959.0,4,2022-04-13 09:20:18
971,rb2210,SHFE,0_0_     1444922,     2004020,空,开,4959.0,4,2022-04-13 09:20:24
972,rb2210,SHFE,0_0_     1445905,     2005809,多,平今,4958.0,4,2022-04-13 09:20:33
973,rb2210,SHFE,0_0_     1445990,     2005857,空,开,4959.0,6,2022-04-13 09:20:33
974,rb2210,SHFE,0_0_     1444229,     2006180,空,平今,4960.0,4,2022-04-13 09:20:36
975,rb2210,SHFE,0_0_     1446295,     2006404,多,平今,4959.000000000001,6,2022-04-13 09:20:37
976,rb2210,SHFE,0_0_     1446439,     2006437,多,开,4960.0,2,2022-04-13 09:20:37
977,rb2210,SHFE,0_0_     1446439,     2006441,多,开,4960.0,2,2022-04-13 09:20:37
978,rb2210,SHFE,0_0_     1443895,     2006582,空,平今,4961.0,4,2022-04-13 09:20:38
979,rb2210,SHFE,0_0_     1446557,     2006612,多,开,4960.0,4,2022-04-13 09:20:38
980,rb2210,SHFE,0_0_     1446755,     2007282,空,平今,4960.0,2,2022-04-13 09:20:42
981,rb2210,SHFE,0_0_     1447261,     2007826,空,平今,4960.0,1,2022-04-13 09:20:44
982,rb2210,SHFE,0_0_     1446568,     2008600,空,平今,4961.0,2,2022-04-13 09:20:47
983,rb2210,SHFE,0_0_     1446568,     2008610,空,平今,4961.0,1,2022-04-13 09:20:47
984,rb2210,SHFE,0_0_     1446568,     2008614,空,平今,4961.0,1,2022-04-13 09:20:47
985,rb2210,SHFE,0_0_     1447857,     2009020,多,开,4961.0,2,2022-04-13 09:20:48
986,rb2210,SHFE,0_0_     1447857,     2009025,多,开,4961.0,3,2022-04-13 09:20:48
987,rb2210,SHFE,0_0_     1447856,     2009564,多,开,4960.0,2,2022-04-13 09:20:51
988,rb2210,SHFE,0_0_     1448448,     2009636,空,平今,4961.0,6,2022-04-13 09:20:52
989,rb2210,SHFE,0_0_     1448451,     2009646,空,开,4961.0,4,2022-04-13 09:20:52
990,rb2210,SHFE,0_0_     1448525,     2009892,多,开,4960.0,1,2022-04-13 09:20:54
991,rb2210,SHFE,0_0_     1448525,     2009895,多,开,4960.0,1,2022-04-13 09:20:54
992,rb2210,SHFE,0_0_     1448525,     2009931,多,开,4960.0,1,2022-04-13 09:20:55
993,rb2210,SHFE,0_0_     1448525,     2009932,多,开,4960.0,2,2022-04-13 09:20:55
994,rb2210,SHFE,0_0_     1448525,     2009963,多,开,4960.0,1,2022-04-13 09:20:55
995,rb2210,SHFE,0_0_     1448773,     2010037,多,平今,4960.0,1,2022-04-13 09:20:56
996,rb2210,SHFE,0_0_     1449229,     2010100,多,平今,4961.0,1,2022-04-13 09:20:57
997,rb2210,SHFE,0_0_     1449760,     2010696,空,平今,4962.0,3,2022-04-13 09:21:01
998,rb2210,SHFE,0_0_     1449881,     2010752,多,开,4961.0,3,2022-04-13 09:21:01
999,rb2210,SHFE,0_0_     1449049,     2010761,多,平今,4960.000000000001,1,2022-04-13 09:21:01
1000,rb2210,SHFE,0_0_     1450068,     2010768,空,平今,4961.0,1,2022-04-13 09:21:01
1001,rb2210,SHFE,0_0_     1450075,     2011030,空,平今,4962.0,2,2022-04-13 09:21:04
1002,rb2210,SHFE,0_0_     1450075,     2011036,空,平今,4962.0,2,2022-04-13 09:21:04
1003,rb2210,SHFE,0_0_     1451502,     2012244,空,开,4963.0,4,2022-04-13 09:21:11
1004,rb2210,SHFE,0_0_     1452051,     2012860,多,平今,4963.0,1,2022-04-13 09:21:15
1005,rb2210,SHFE,0_0_     1452051,     2012861,多,平今,4963.0,1,2022-04-13 09:21:15
1006,rb2210,SHFE,0_0_     1452051,     2012862,多,平今,4963.0,1,2022-04-13 09:21:15
1007,rb2210,SHFE,0_0_     1452051,     2012866,多,平今,4963.0,1,2022-04-13 09:21:15
1008,rb2210,SHFE,0_0_     1453173,     2014133,空,平今,4963.0,1,2022-04-13 09:21:22
1009,rb2210,SHFE,0_0_     1454188,     2016033,多,开,4961.0,4,2022-04-13 09:21:36
1010,rb2210,SHFE,0_0_     1454757,     2016081,空,平今,4962.0,4,2022-04-13 09:21:36
1011,rb2210,SHFE,0_0_     1454758,     2021482,多,开,4961.0,4,2022-04-13 09:22:09
1012,rb2210,SHFE,0_0_     1459523,     2022073,空,平今,4962.0,1,2022-04-13 09:22:12
1013,rb2210,SHFE,0_0_     1462259,     2024282,空,开,4959.0,5,2022-04-13 09:22:32
1014,rb2210,SHFE,0_0_     1463217,     2025964,空,平今,4958.0,4,2022-04-13 09:22:36
1015,rb2210,SHFE,0_0_     1465249,     2028511,空,开,4957.0,1,2022-04-13 09:22:50
1016,rb2210,SHFE,0_0_     1465456,     2028735,多,平今,4957.0,1,2022-04-13 09:22:51
1017,rb2210,SHFE,0_0_     1465456,     2028737,多,平今,4957.0,2,2022-04-13 09:22:51
1018,rb2210,SHFE,0_0_     1470431,     2035381,多,开,4960.0,1,2022-04-13 09:23:30
1019,rb2210,SHFE,0_0_     1470431,     2035384,多,开,4960.0,1,2022-04-13 09:23:30
1020,rb2210,SHFE,0_0_     1470431,     2035464,多,开,4960.0,1,2022-04-13 09:23:30
1021,rb2210,SHFE,0_0_     1470431,     2035558,多,开,4960.0,1,2022-04-13 09:23:31
1022,rb2210,SHFE,0_0_     1470482,     2036121,多,开,4960.0,1,2022-04-13 09:23:33
1023,rb2210,SHFE,0_0_     1468131,     2037852,多,平今,4959.0,4,2022-04-13 09:23:44
1024,rb2210,SHFE,0_0_     1476342,     2042798,空,平今,4958.0,1,2022-04-13 09:24:15
1025,rb2210,SHFE,0_0_     1472471,     2044573,空,平今,4961.0,4,2022-04-13 09:24:28
1026,rb2210,SHFE,0_0_     1460725,     2045487,空,平今,4963.0,1,2022-04-13 09:24:35
1027,rb2210,SHFE,0_0_     1478977,     2046096,多,开,4962.0,8,2022-04-13 09:24:42
1028,rb2210,SHFE,0_0_     1479387,     2046996,空,平今,4963.000000000001,4,2022-04-13 09:24:48
1029,rb2210,SHFE,0_0_     1492189,     2062576,空,平今,4965.0,2,2022-04-13 09:26:31
1030,rb2210,SHFE,0_0_     1492853,     2063288,多,开,4965.000000000001,2,2022-04-13 09:26:36
1031,rb2210,SHFE,0_0_     1492935,     2063587,空,平今,4966.0,2,2022-04-13 09:26:37
1032,rb2210,SHFE,0_0_     1495215,     2065311,多,开,4966.000000000001,5,2022-04-13 09:26:51
1033,rb2210,SHFE,0_0_     1496610,     2067176,空,平今,4968.0,3,2022-04-13 09:27:02
1034,rb2210,SHFE,0_0_     1498412,     2068917,多,开,4968.0,1,2022-04-13 09:27:13
1035,rb2210,SHFE,0_0_     1498948,     2069437,空,平今,4969.0,1,2022-04-13 09:27:17
1036,rb2210,SHFE,0_0_     1498948,     2069530,空,平今,4969.0,1,2022-04-13 09:27:18
1037,rb2210,SHFE,0_0_     1499451,     2069823,多,开,4968.0,4,2022-04-13 09:27:20
1038,rb2210,SHFE,0_0_     1499625,     2070300,空,平今,4968.0,3,2022-04-13 09:27:23
1039,rb2210,SHFE,0_0_     1499625,     2070307,空,平今,4968.0,1,2022-04-13 09:27:23
1040,rb2210,SHFE,0_0_     1499625,     2070312,空,平今,4968.0,1,2022-04-13 09:27:23
1041,rb2210,SHFE,0_0_     1502835,     2073129,空,平今,4965.0,1,2022-04-13 09:27:46
1042,rb2210,SHFE,0_0_     1502917,     2073156,多,开,4964.0,1,2022-04-13 09:27:46
1043,rb2210,SHFE,0_0_     1502920,     2073167,空,平今,4965.0,1,2022-04-13 09:27:46
1044,rb2210,SHFE,0_0_     1502921,     2073234,多,开,4964.0,1,2022-04-13 09:27:46
1045,rb2210,SHFE,0_0_     1502986,     2073248,空,平今,4965.0,1,2022-04-13 09:27:46
1046,rb2210,SHFE,0_0_     1509085,     2080777,空,开,4965.0,8,2022-04-13 09:28:28
1047,rb2210,SHFE,0_0_     1511537,     2083090,多,平今,4967.0,4,2022-04-13 09:28:46
1048,rb2210,SHFE,0_0_     1511587,     2083285,多,平今,4967.0,4,2022-04-13 09:28:48
1049,rb2210,SHFE,0_0_     1511817,     2083478,多,开,4967.0,3,2022-04-13 09:28:50
1050,rb2210,SHFE,0_0_     1522032,     2094513,多,开,4959.0,1,2022-04-13 09:30:00
1051,rb2210,SHFE,0_0_     1526769,     2110245,空,平今,4961.0,1,2022-04-13 09:31:34
1052,rb2210,SHFE,0_0_     1539096,     2116840,空,平今,4957.0,1,2022-04-13 09:32:16
1053,rb2210,SHFE,0_0_     1540262,     2118315,多,开,4956.0,1,2022-04-13 09:32:26
1054,rb2210,SHFE,0_0_     1540754,     2118811,空,平今,4956.0,1,2022-04-13 09:32:29
1055,rb2210,SHFE,0_0_     1540935,     2119184,空,平今,4956.0,1,2022-04-13 09:32:32
1056,rb2210,SHFE,0_0_     1543746,     2122313,空,平今,4960.0,2,2022-04-13 09:32:54
1057,rb2210,SHFE,0_0_     1543929,     2122687,多,开,4958.0,4,2022-04-13 09:32:56
1058,rb2210,SHFE,0_0_     1544310,     2122814,多,开,4959.0,4,2022-04-13 09:32:57
1059,rb2210,SHFE,0_0_     1544679,     2124369,空,平今,4959.0,1,2022-04-13 09:33:08
1060,rb2210,SHFE,0_0_     1544679,     2124425,空,平今,4959.0,6,2022-04-13 09:33:08
1061,rb2210,SHFE,0_0_     1545918,     2127458,多,开,4958.0,7,2022-04-13 09:33:29
1062,rb2210,SHFE,0_0_     1548993,     2127624,空,平今,4959.0,3,2022-04-13 09:33:31
1063,rb2210,SHFE,0_0_     1548993,     2127689,空,平今,4959.0,1,2022-04-13 09:33:31
1064,rb2210,SHFE,0_0_     1548993,     2127690,空,平今,4959.0,1,2022-04-13 09:33:31
1065,rb2210,SHFE,0_0_     1548993,     2127805,空,平今,4959.0,1,2022-04-13 09:33:32
1066,rb2210,SHFE,0_0_     1548993,     2127806,空,平今,4959.0,1,2022-04-13 09:33:32
1067,rb2210,SHFE,0_0_     1548993,     2127812,空,平今,4959.0,1,2022-04-13 09:33:32
1068,rb2210,SHFE,0_0_     1550126,     2129316,多,开,4958.0,4,2022-04-13 09:33:44
1069,rb2210,SHFE,0_0_     1552422,     2130836,空,平今,4960.0,4,2022-04-13 09:34:01
1070,rb2210,SHFE,0_0_     1554875,     2132874,空,开,4963.0,4,2022-04-13 09:34:16
1071,rb2210,SHFE,0_0_     1555261,     2132923,多,平今,4962.0,1,2022-04-13 09:34:17
1072,rb2210,SHFE,0_0_     1555261,     2132925,多,平今,4962.0,1,2022-04-13 09:34:17
1073,rb2210,SHFE,0_0_     1555261,     2132927,多,平今,4962.0,1,2022-04-13 09:34:17
1074,rb2210,SHFE,0_0_     1552952,     2142185,多,开,4959.0,4,2022-04-13 09:35:40
1075,rb2210,SHFE,0_0_     1551997,     2142329,多,开,4958.000000000001,1,2022-04-13 09:35:40
1076,rb2210,SHFE,0_0_     1551997,     2142330,多,开,4958.000000000001,1,2022-04-13 09:35:40
1077,rb2210,SHFE,0_0_     1551997,     2142331,多,开,4958.000000000001,1,2022-04-13 09:35:40
1078,rb2210,SHFE,0_0_     1551997,     2142332,多,开,4958.000000000001,1,2022-04-13 09:35:40
1079,rb2210,SHFE,0_0_     1566372,     2142663,空,平今,4959.0,6,2022-04-13 09:35:41
1080,rb2210,SHFE,0_0_     1566626,     2142706,多,开,4958.0,1,2022-04-13 09:35:42
1081,rb2210,SHFE,0_0_     1566626,     2142710,多,开,4958.0,1,2022-04-13 09:35:42
1082,rb2210,SHFE,0_0_     1566626,     2142784,多,开,4958.0,2,2022-04-13 09:35:43
1083,rb2210,SHFE,0_0_     1566665,     2142917,空,平今,4959.0,2,2022-04-13 09:35:44
1084,rb2210,SHFE,0_0_     1566840,     2143170,多,开,4959.0,2,2022-04-13 09:35:46
1085,rb2210,SHFE,0_0_     1568735,     2145904,空,开,4956.0,1,2022-04-13 09:36:07
1086,rb2210,SHFE,0_0_     1567987,     2146238,空,平今,4957.0,2,2022-04-13 09:36:10
1087,rb2210,SHFE,0_0_     1568596,     2146989,空,开,4957.0,2,2022-04-13 09:36:17
1088,rb2210,SHFE,0_0_     1570398,     2147240,多,平今,4956.0,4,2022-04-13 09:36:19
1089,rb2210,SHFE,0_0_     1567188,     2149189,空,平今,4959.0,1,2022-04-13 09:36:34
1090,rb2210,SHFE,0_0_     1567188,     2149191,空,平今,4959.0,1,2022-04-13 09:36:34
1091,rb2210,SHFE,0_0_     1567188,     2149192,空,平今,4959.0,1,2022-04-13 09:36:34
1092,rb2210,SHFE,0_0_     1567188,     2149194,空,平今,4959.0,1,2022-04-13 09:36:34
1093,rb2210,SHFE,0_0_     1572834,     2154521,多,开,4959.0,1,2022-04-13 09:37:04
1094,rb2210,SHFE,0_0_     1576158,     2154588,空,开,4960.0,1,2022-04-13 09:37:04
1095,rb2210,SHFE,0_0_     1572834,     2154743,多,开,4959.0,3,2022-04-13 09:37:04
1096,rb2210,SHFE,0_0_     1576216,     2154881,空,平今,4960.0,1,2022-04-13 09:37:05
1097,rb2210,SHFE,0_0_     1576216,     2154886,空,平今,4960.0,1,2022-04-13 09:37:05
1098,rb2210,SHFE,0_0_     1576216,     2154898,空,平今,4960.0,1,2022-04-13 09:37:05
1099,rb2210,SHFE,0_0_     1576327,     2155107,空,开,4960.0,4,2022-04-13 09:37:06
1100,rb2210,SHFE,0_0_     1576296,     2156536,多,开,4959.0,2,2022-04-13 09:37:13
1101,rb2210,SHFE,0_0_     1576296,     2156590,多,开,4959.0,1,2022-04-13 09:37:14
1102,rb2210,SHFE,0_0_     1577757,     2156773,空,平今,4960.0,1,2022-04-13 09:37:15
1103,rb2210,SHFE,0_0_     1578101,     2157400,空,平今,4961.0,1,2022-04-13 09:37:19
1104,rb2210,SHFE,0_0_     1578512,     2159247,多,平今,4960.0,3,2022-04-13 09:37:30
1105,rb2210,SHFE,0_0_     1578512,     2159366,多,平今,4960.0,1,2022-04-13 09:37:30
1106,rb2210,SHFE,0_0_     1577929,     2159597,多,平今,4959.0,1,2022-04-13 09:37:31
1107,rb2210,SHFE,0_0_     1580156,     2159952,空,平今,4960.0,1,2022-04-13 09:37:32
1108,rb2210,SHFE,0_0_     1582080,     2163006,多,开,4960.0,4,2022-04-13 09:37:50
1109,rb2210,SHFE,0_0_     1587056,     2166188,空,开,4958.0,3,2022-04-13 09:38:07
1110,rb2210,SHFE,0_0_     1587056,     2166243,空,开,4958.0,1,2022-04-13 09:38:08
1111,rb2210,SHFE,0_0_     1588377,     2167507,多,平今,4957.0,1,2022-04-13 09:38:15
1112,rb2210,SHFE,0_0_     1589259,     2169307,空,平今,4955.0,1,2022-04-13 09:38:23
1113,rb2210,SHFE,0_0_     1589857,     2170219,多,开,4955.0,4,2022-04-13 09:38:29
1114,rb2210,SHFE,0_0_     1588875,     2170235,空,开,4956.0,1,2022-04-13 09:38:29
1115,rb2210,SHFE,0_0_     1588875,     2170236,空,开,4956.0,1,2022-04-13 09:38:29
1116,rb2210,SHFE,0_0_     1590046,     2170670,多,平今,4955.000000000001,4,2022-04-13 09:38:33
1117,rb2210,SHFE,0_0_     1590156,     2170680,多,平今,4955.000000000001,1,2022-04-13 09:38:33
1118,rb2210,SHFE,0_0_     1590455,     2170970,空,开,4956.0,5,2022-04-13 09:38:35
1119,rb2210,SHFE,0_0_     1591079,     2171252,多,平今,4955.0,4,2022-04-13 09:38:38
1120,rb2210,SHFE,0_0_     1591412,     2171402,空,开,4954.0,3,2022-04-13 09:38:39
1121,rb2210,SHFE,0_0_     1591412,     2171403,空,开,4954.0,1,2022-04-13 09:38:39
1122,rb2210,SHFE,0_0_     1591400,     2171944,空,平今,4955.0,3,2022-04-13 09:38:41
1123,rb2210,SHFE,0_0_     1592457,     2172667,多,平今,4955.0,1,2022-04-13 09:38:45
1124,rb2210,SHFE,0_0_     1592576,     2173144,空,开,4955.0,4,2022-04-13 09:38:50
1125,rb2210,SHFE,0_0_     1593918,     2174643,多,平今,4953.0,1,2022-04-13 09:38:59
1126,rb2210,SHFE,0_0_     1595236,     2175757,多,平今,4954.0,1,2022-04-13 09:39:05
1127,rb2210,SHFE,0_0_     1595283,     2176150,多,平今,4954.0,2,2022-04-13 09:39:07
1128,rb2210,SHFE,0_0_     1591350,     2176376,空,平今,4956.0,1,2022-04-13 09:39:10
1129,rb2210,SHFE,0_0_     1596149,     2176687,多,平今,4956.0,2,2022-04-13 09:39:12
1130,rb2210,SHFE,0_0_     1596149,     2176690,多,平今,4956.0,1,2022-04-13 09:39:12
1131,rb2210,SHFE,0_0_     1596745,     2176908,空,开,4956.0,1,2022-04-13 09:39:14
1132,rb2210,SHFE,0_0_     1596745,     2176911,空,开,4956.0,2,2022-04-13 09:39:14
1133,rb2210,SHFE,0_0_     1595954,     2177524,多,平今,4955.0,1,2022-04-13 09:39:17
1134,rb2210,SHFE,0_0_     1597982,     2178506,空,开,4954.000000000001,1,2022-04-13 09:39:22
1135,rb2210,SHFE,0_0_     1597982,     2178513,空,开,4954.000000000001,1,2022-04-13 09:39:22
1136,rb2210,SHFE,0_0_     1597982,     2178520,空,开,4954.000000000001,1,2022-04-13 09:39:22
1137,rb2210,SHFE,0_0_     1597982,     2178530,空,开,4954.0,1,2022-04-13 09:39:22
1138,rb2210,SHFE,0_0_     1598081,     2180489,多,平今,4953.0,4,2022-04-13 09:39:36
1139,rb2210,SHFE,0_0_     1600321,     2182073,空,开,4954.0,4,2022-04-13 09:39:42
1140,rb2210,SHFE,0_0_     1597183,     2183277,空,开,4956.0,1,2022-04-13 09:39:48
1141,rb2210,SHFE,0_0_     1602612,     2184441,多,平今,4955.0,1,2022-04-13 09:39:57
1142,rb2210,SHFE,0_0_     1605174,     2186687,多,开,4958.0,1,2022-04-13 09:40:07
1143,rb2210,SHFE,0_0_     1607850,     2189280,多,开,4956.0,3,2022-04-13 09:40:25
1144,rb2210,SHFE,0_0_     1620500,     2202243,空,平今,4956.0,2,2022-04-13 09:41:56
1145,rb2210,SHFE,0_0_     1620500,     2202256,空,平今,4956.0,1,2022-04-13 09:41:57
1146,rb2210,SHFE,0_0_     1620500,     2202395,空,平今,4956.0,1,2022-04-13 09:41:58
1147,rb2210,SHFE,0_0_     1615793,     2208087,空,平今,4961.0,1,2022-04-13 09:42:37
1148,rb2210,SHFE,0_0_     1627100,     2208305,多,开,4959.0,1,2022-04-13 09:42:38
1149,rb2210,SHFE,0_0_     1629448,     2209808,空,平今,4959.0,4,2022-04-13 09:42:48
1150,rb2210,SHFE,0_0_     1630285,     2210999,多,开,4959.0,1,2022-04-13 09:42:58
1151,rb2210,SHFE,0_0_     1629470,     2212232,多,开,4958.0,1,2022-04-13 09:43:05
1152,rb2210,SHFE,0_0_     1629470,     2212317,多,开,4958.0,1,2022-04-13 09:43:06
1153,rb2210,SHFE,0_0_     1635592,     2215126,多,平今,4963.0,1,2022-04-13 09:43:33
1154,rb2210,SHFE,0_0_     1635592,     2215127,多,平今,4963.0,2,2022-04-13 09:43:33
1155,rb2210,SHFE,0_0_     1635592,     2215128,多,平今,4963.0,2,2022-04-13 09:43:33
1156,rb2210,SHFE,0_0_     1635592,     2215129,多,平今,4963.0,1,2022-04-13 09:43:33
1157,rb2210,SHFE,0_0_     1640255,     2219865,空,平今,4962.0,3,2022-04-13 09:44:13
1158,rb2210,SHFE,0_0_     1640388,     2220255,多,开,4961.0,3,2022-04-13 09:44:15
1159,rb2210,SHFE,0_0_     1640661,     2220405,空,平今,4962.0,1,2022-04-13 09:44:16
1160,rb2210,SHFE,0_0_     1640661,     2220414,空,平今,4962.0,2,2022-04-13 09:44:16
1161,rb2210,SHFE,0_0_     1640795,     2220665,多,开,4961.0,3,2022-04-13 09:44:19
1162,rb2210,SHFE,0_0_     1641082,     2220676,空,平今,4962.0,3,2022-04-13 09:44:19
1163,rb2210,SHFE,0_0_     1644375,     2224339,空,开,4962.0,1,2022-04-13 09:44:48
1164,rb2210,SHFE,0_0_     1644868,     2224906,多,平今,4961.0,2,2022-04-13 09:44:54
1165,rb2210,SHFE,0_0_     1654596,     2233716,多,开,4963.0,4,2022-04-13 09:46:08
1166,rb2210,SHFE,0_0_     1664585,     2242074,空,平今,4967.0,2,2022-04-13 09:47:16
1167,rb2210,SHFE,0_0_     1664789,     2242201,空,开,4967.0,3,2022-04-13 09:47:17
1168,rb2210,SHFE,0_0_     1665031,     2242427,多,开,4966.0,6,2022-04-13 09:47:18
1169,rb2210,SHFE,0_0_     1665034,     2242432,空,平今,4967.0,1,2022-04-13 09:47:19
1170,rb2210,SHFE,0_0_     1665034,     2242460,空,平今,4967.0,6,2022-04-13 09:47:19
1171,rb2210,SHFE,0_0_     1665382,     2242684,多,平今,4967.0,1,2022-04-13 09:47:22
1172,rb2210,SHFE,0_0_     1665382,     2242706,多,平今,4967.0,1,2022-04-13 09:47:22
1173,rb2210,SHFE,0_0_     1666276,     2243459,多,开,4967.0,3,2022-04-13 09:47:29
1174,rb2210,SHFE,0_0_     1667090,     2244105,多,开,4967.0,4,2022-04-13 09:47:35
1175,rb2210,SHFE,0_0_     1667254,     2244574,空,平今,4968.0,1,2022-04-13 09:47:42
1176,rb2210,SHFE,0_0_     1667254,     2244583,空,平今,4968.0,2,2022-04-13 09:47:42
1177,rb2210,SHFE,0_0_     1668976,     2245834,多,开,4969.0,3,2022-04-13 09:47:57
1178,rb2210,SHFE,0_0_     1667989,     2248330,多,平今,4967.0,1,2022-04-13 09:48:12
1179,rb2210,SHFE,0_0_     1671277,     2248677,空,开,4968.0,2,2022-04-13 09:48:17
1180,rb2210,SHFE,0_0_     1673641,     2251078,空,开,4966.0,1,2022-04-13 09:48:45
1181,rb2210,SHFE,0_0_     1671706,     2272749,空,开,4968.0,2,2022-04-13 09:52:01
1182,rb2210,SHFE,0_0_     1698436,     2272776,多,平今,4967.0,1,2022-04-13 09:52:01
1183,rb2210,SHFE,0_0_     1698436,     2272795,多,平今,4967.0,1,2022-04-13 09:52:01
1184,rb2210,SHFE,0_0_     1669877,     2284385,空,平今,4970.0,4,2022-04-13 09:53:06
1185,rb2210,SHFE,0_0_     1709326,     2286322,多,平今,4970.0,2,2022-04-13 09:53:18
1186,rb2210,SHFE,0_0_     1712380,     2289990,多,开,4969.0,2,2022-04-13 09:53:40
1187,rb2210,SHFE,0_0_     1712380,     2289991,多,开,4969.0,1,2022-04-13 09:53:40
1188,rb2210,SHFE,0_0_     1710192,     2290561,空,平今,4971.0,1,2022-04-13 09:53:44
1189,rb2210,SHFE,0_0_     1715825,     2293264,空,平今,4972.0,2,2022-04-13 09:54:00
1190,rb2210,SHFE,0_0_     1716019,     2293710,多,开,4971.0,1,2022-04-13 09:54:01
1191,rb2210,SHFE,0_0_     1716019,     2293789,多,开,4971.0,1,2022-04-13 09:54:01
1192,rb2210,SHFE,0_0_     1716674,     2294505,空,平今,4971.0,1,2022-04-13 09:54:05
1193,rb2210,SHFE,0_0_     1716674,     2294511,空,平今,4971.0,1,2022-04-13 09:54:05
1194,rb2210,SHFE,0_0_     1716674,     2294517,空,平今,4971.0,1,2022-04-13 09:54:05
1195,rb2210,SHFE,0_0_     1716674,     2294518,空,平今,4971.0,1,2022-04-13 09:54:05
1196,rb2210,SHFE,0_0_     1716674,     2294524,空,平今,4971.0,1,2022-04-13 09:54:05
1197,rb2210,SHFE,0_0_     1716674,     2294525,空,平今,4971.0,1,2022-04-13 09:54:05
1198,rb2210,SHFE,0_0_     1714023,     2294631,多,开,4970.0,2,2022-04-13 09:54:06
1199,rb2210,SHFE,0_0_     1716865,     2296180,空,平今,4971.0,2,2022-04-13 09:54:15
1200,rb2210,SHFE,0_0_     1718014,     2296222,多,开,4970.0,3,2022-04-13 09:54:16
1201,rb2210,SHFE,0_0_     1718014,     2296241,多,开,4970.0,1,2022-04-13 09:54:16
1202,rb2210,SHFE,0_0_     1723995,     2302508,空,平今,4969.0,2,2022-04-13 09:55:04
1203,rb2210,SHFE,0_0_     1728184,     2307205,多,开,4969.0,1,2022-04-13 09:55:33
1204,rb2210,SHFE,0_0_     1728184,     2307251,多,开,4969.0,3,2022-04-13 09:55:34
1205,rb2210,SHFE,0_0_     1717344,     2308183,空,开,4971.0,2,2022-04-13 09:55:41
1206,rb2210,SHFE,0_0_     1730129,     2310152,空,平今,4970.0,3,2022-04-13 09:55:57
1207,rb2210,SHFE,0_0_     1730939,     2310412,多,开,4969.0,4,2022-04-13 09:55:59
1208,rb2210,SHFE,0_0_     1731223,     2311149,空,平今,4970.0,1,2022-04-13 09:56:04
1209,rb2210,SHFE,0_0_     1718066,     2311656,空,平今,4971.0,1,2022-04-13 09:56:08
1210,rb2210,SHFE,0_0_     1732460,     2311779,多,平今,4970.000000000001,1,2022-04-13 09:56:09
1211,rb2210,SHFE,0_0_     1735564,     2316409,多,开,4973.0,1,2022-04-13 09:56:43
1212,rb2210,SHFE,0_0_     1740092,     2325352,多,平今,4973.0,1,2022-04-13 09:57:33
1213,rb2210,SHFE,0_0_     1745754,     2327414,空,平今,4974.0,1,2022-04-13 09:57:54
1214,rb2210,SHFE,0_0_     1731844,     2333434,多,平今,4969.0,1,2022-04-13 09:58:40
1215,rb2210,SHFE,0_0_     1732725,     2333447,多,开,4969.0,1,2022-04-13 09:58:40
1216,rb2210,SHFE,0_0_     1752696,     2333742,空,开,4970.0,4,2022-04-13 09:58:43
1217,rb2210,SHFE,0_0_     1753030,     2334033,多,平今,4969.0,4,2022-04-13 09:58:45
1218,rb2210,SHFE,0_0_     1726296,     2334197,多,开,4968.0,1,2022-04-13 09:58:46
1219,rb2210,SHFE,0_0_     1753211,     2335197,空,平今,4969.0,3,2022-04-13 09:58:55
1220,rb2210,SHFE,0_0_     1753118,     2335497,空,开,4970.0,3,2022-04-13 09:58:57
1221,rb2210,SHFE,0_0_     1753118,     2335591,空,开,4970.0,1,2022-04-13 09:58:58
1222,rb2210,SHFE,0_0_     1766935,     2352072,多,平今,4968.0,1,2022-04-13 10:00:35
1223,rb2210,SHFE,0_0_     1766935,     2352085,多,平今,4968.0,3,2022-04-13 10:00:35
1224,rb2210,SHFE,0_0_     1767587,     2353170,多,开,4968.0,4,2022-04-13 10:00:42
1225,rb2210,SHFE,0_0_     1768347,     2354630,空,平今,4969.0,4,2022-04-13 10:00:56
1226,rb2210,SHFE,0_0_     1770171,     2354802,多,开,4968.0,4,2022-04-13 10:00:57
1227,rb2210,SHFE,0_0_     1773302,     2359163,空,开,4967.0,2,2022-04-13 10:01:21
1228,rb2210,SHFE,0_0_     1773618,     2359584,多,平今,4966.0,1,2022-04-13 10:01:24
1229,rb2210,SHFE,0_0_     1773618,     2359631,多,平今,4966.0,1,2022-04-13 10:01:24
1230,rb2210,SHFE,0_0_     1774076,     2359657,空,开,4967.0,2,2022-04-13 10:01:24
1231,rb2210,SHFE,0_0_     1774083,     2361765,多,平今,4966.0,2,2022-04-13 10:01:40
