,code,exchange,orderid,tradeid,direction,offset,price,volume,datetime
0,rb2210,SHFE,0_0_        1100,       59590,多,平昨,4889.0,2,2022-04-11 21:00:34
1,rb2210,SHFE,0_0_        1127,       59984,多,平昨,4889.0,5,2022-04-11 21:00:35
2,rb2210,SHFE,0_0_        1583,       69041,空,平昨,4892.0,4,2022-04-11 21:00:46
3,rb2210,SHFE,0_0_        1691,       72019,空,开,4893.0,2,2022-04-11 21:00:50
4,rb2210,SHFE,0_0_        1691,       72020,空,开,4893.0,1,2022-04-11 21:00:50
5,rb2210,SHFE,0_0_        2298,       83253,多,开,4890.0,6,2022-04-11 21:01:04
6,rb2210,SHFE,0_0_        2298,       83282,多,开,4890.0,1,2022-04-11 21:01:04
7,rb2210,SHFE,0_0_        2431,       85836,空,平今,4889.0,4,2022-04-11 21:01:07
8,rb2210,SHFE,0_0_        2893,       99848,多,开,4892.0,1,2022-04-11 21:01:25
9,rb2210,SHFE,0_0_        2893,       99917,多,开,4892.0,3,2022-04-11 21:01:25
10,rb2210,SHFE,0_0_        3044,      103804,空,平今,4893.0,2,2022-04-11 21:01:30
11,rb2210,SHFE,0_0_        3044,      103809,空,平今,4893.0,2,2022-04-11 21:01:30
12,rb2210,SHFE,0_0_        3116,      105466,空,平昨,4893.0,1,2022-04-11 21:01:33
13,rb2210,SHFE,0_0_        3173,      106331,空,开,4893.0,4,2022-04-11 21:01:34
14,rb2210,SHFE,0_0_        3361,      110592,多,平今,4890.0,3,2022-04-11 21:01:40
15,rb2210,SHFE,0_0_        3361,      110602,多,平今,4890.0,1,2022-04-11 21:01:40
16,rb2210,SHFE,0_0_        3387,      110891,多,平今,4890.0,1,2022-04-11 21:01:40
17,rb2210,SHFE,0_0_        3387,      110892,多,平今,4890.0,1,2022-04-11 21:01:40
18,rb2210,SHFE,0_0_        3388,      111583,空,开,4891.0,6,2022-04-11 21:01:41
19,rb2210,SHFE,0_0_        3413,      111800,多,平今,4890.0,6,2022-04-11 21:01:41
20,rb2210,SHFE,0_0_        3577,      114447,空,开,4889.0,4,2022-04-11 21:01:46
21,rb2210,SHFE,0_0_        3922,      119097,空,平今,4891.0,1,2022-04-11 21:01:55
22,rb2210,SHFE,0_0_        3928,      119457,多,平今,4890.0,1,2022-04-11 21:01:56
23,rb2210,SHFE,0_0_        3948,      119562,空,平今,4891.0,1,2022-04-11 21:01:56
24,rb2210,SHFE,0_0_        4241,      125155,多,平今,4893.0,2,2022-04-11 21:02:05
25,rb2210,SHFE,0_0_        4241,      125158,多,平今,4893.0,1,2022-04-11 21:02:05
26,rb2210,SHFE,0_0_        4326,      126328,空,开,4894.0,4,2022-04-11 21:02:07
27,rb2210,SHFE,0_0_        4386,      126995,多,平今,4893.0,3,2022-04-11 21:02:08
28,rb2210,SHFE,0_0_        4474,      128372,多,开,4893.0,2,2022-04-11 21:02:11
29,rb2210,SHFE,0_0_        4835,      132466,多,开,4894.0,1,2022-04-11 21:02:19
30,rb2210,SHFE,0_0_        4835,      132467,多,开,4894.0,2,2022-04-11 21:02:19
31,rb2210,SHFE,0_0_        5495,      139657,空,平今,4894.0,1,2022-04-11 21:02:35
32,rb2210,SHFE,0_0_        5495,      139670,空,平今,4894.0,2,2022-04-11 21:02:35
33,rb2210,SHFE,0_0_        5495,      139676,空,平今,4894.0,1,2022-04-11 21:02:35
34,rb2210,SHFE,0_0_        5520,      140792,空,开,4894.0,4,2022-04-11 21:02:38
35,rb2210,SHFE,0_0_        6018,      145874,多,平今,4893.0,1,2022-04-11 21:02:50
36,rb2210,SHFE,0_0_        6095,      150576,空,平今,4894.0,2,2022-04-11 21:03:01
37,rb2210,SHFE,0_0_        6663,      154390,多,平今,4893.0,2,2022-04-11 21:03:08
38,rb2210,SHFE,0_0_        7141,      155714,空,开,4894.0,1,2022-04-11 21:03:11
39,rb2210,SHFE,0_0_        3955,      160485,多,平今,4890.0,1,2022-04-11 21:03:20
40,rb2210,SHFE,0_0_        7716,      161026,多,开,4890.0,4,2022-04-11 21:03:20
41,rb2210,SHFE,0_0_        7820,      162885,空,平今,4889.0,4,2022-04-11 21:03:23
42,rb2210,SHFE,0_0_        8958,      170984,多,开,4886.0,8,2022-04-11 21:03:43
43,rb2210,SHFE,0_0_        9062,      171630,空,平今,4886.0,1,2022-04-11 21:03:45
44,rb2210,SHFE,0_0_        9062,      171631,空,平今,4886.0,1,2022-04-11 21:03:45
45,rb2210,SHFE,0_0_        9062,      171632,空,平今,4886.0,1,2022-04-11 21:03:45
46,rb2210,SHFE,0_0_        9062,      171633,空,平今,4886.0,1,2022-04-11 21:03:45
47,rb2210,SHFE,0_0_        9062,      171645,空,平今,4886.0,1,2022-04-11 21:03:45
48,rb2210,SHFE,0_0_        9635,      174291,多,平今,4887.0,2,2022-04-11 21:03:53
49,rb2210,SHFE,0_0_        9675,      174354,多,开,4887.0,3,2022-04-11 21:03:53
50,rb2210,SHFE,0_0_        8203,      176232,空,开,4889.0,2,2022-04-11 21:03:59
51,rb2210,SHFE,0_0_       13671,      191182,多,平今,4895.0,1,2022-04-11 21:04:39
52,rb2210,SHFE,0_0_       13671,      191200,多,平今,4895.0,2,2022-04-11 21:04:39
53,rb2210,SHFE,0_0_       13955,      193133,空,平今,4896.0,1,2022-04-11 21:04:43
54,rb2210,SHFE,0_0_       14057,      193481,空,开,4896.0,8,2022-04-11 21:04:44
55,rb2210,SHFE,0_0_       14209,      194075,多,平今,4896.0,1,2022-04-11 21:04:46
56,rb2210,SHFE,0_0_       14209,      194076,多,平今,4896.0,1,2022-04-11 21:04:46
57,rb2210,SHFE,0_0_       14209,      194077,多,平今,4896.0,2,2022-04-11 21:04:46
58,rb2210,SHFE,0_0_       14550,      196055,空,平今,4895.0,1,2022-04-11 21:04:52
59,rb2210,SHFE,0_0_       19714,      215314,多,平今,4892.0,2,2022-04-11 21:05:31
60,rb2210,SHFE,0_0_       26481,      233998,空,开,4885.0,4,2022-04-11 21:06:10
61,rb2210,SHFE,0_0_       32796,      249843,空,开,4887.0,2,2022-04-11 21:06:56
62,rb2210,SHFE,0_0_       33530,      254407,多,平今,4886.0,2,2022-04-11 21:07:05
63,rb2210,SHFE,0_0_       34664,      254686,空,开,4887.0,2,2022-04-11 21:07:06
64,rb2210,SHFE,0_0_       47242,      279360,多,平今,4878.000000000001,1,2022-04-11 21:08:21
65,rb2210,SHFE,0_0_       55637,      291027,空,平今,4877.0,4,2022-04-11 21:09:00
66,rb2210,SHFE,0_0_       63670,      301714,多,平今,4876.0,4,2022-04-11 21:09:38
67,rb2210,SHFE,0_0_       63986,      303190,空,开,4876.0,1,2022-04-11 21:09:43
68,rb2210,SHFE,0_0_       63986,      303319,空,开,4876.0,1,2022-04-11 21:09:44
69,rb2210,SHFE,0_0_       63986,      303357,空,开,4876.0,1,2022-04-11 21:09:44
70,rb2210,SHFE,0_0_       64846,      304055,多,平今,4875.000000000001,1,2022-04-11 21:09:47
71,rb2210,SHFE,0_0_       77726,      322776,多,开,4879.0,8,2022-04-11 21:10:43
72,rb2210,SHFE,0_0_       78694,      324396,空,平今,4878.0,4,2022-04-11 21:10:48
73,rb2210,SHFE,0_0_       80105,      325399,空,平今,4878.0,1,2022-04-11 21:10:52
74,rb2210,SHFE,0_0_       80105,      325400,空,平今,4878.0,1,2022-04-11 21:10:52
75,rb2210,SHFE,0_0_       82991,      331561,多,平今,4876.0,3,2022-04-11 21:11:15
76,rb2210,SHFE,0_0_       86030,      332377,空,平今,4876.0,2,2022-04-11 21:11:18
77,rb2210,SHFE,0_0_       86416,      333382,空,开,4876.0,1,2022-04-11 21:11:23
78,rb2210,SHFE,0_0_       89320,      337744,空,开,4874.0,3,2022-04-11 21:11:40
79,rb2210,SHFE,0_0_       87289,      338444,空,开,4876.0,1,2022-04-11 21:11:42
80,rb2210,SHFE,0_0_       92702,      339842,多,平今,4877.0,4,2022-04-11 21:11:48
81,rb2210,SHFE,0_0_       99956,      360094,多,平今,4886.0,1,2022-04-11 21:13:05
82,rb2210,SHFE,0_0_      122951,      382453,空,开,4878.0,1,2022-04-11 21:14:19
83,rb2210,SHFE,0_0_      125534,      396660,多,平今,4872.0,3,2022-04-11 21:14:56
84,rb2210,SHFE,0_0_      129372,      397662,多,开,4873.0,1,2022-04-11 21:14:59
85,rb2210,SHFE,0_0_      129937,      400316,空,开,4874.0,3,2022-04-11 21:15:03
86,rb2210,SHFE,0_0_      141069,      417893,空,开,4877.0,2,2022-04-11 21:16:01
87,rb2210,SHFE,0_0_      141200,      418537,多,平今,4876.0,2,2022-04-11 21:16:03
88,rb2210,SHFE,0_0_      146364,      423702,多,平今,4882.0,1,2022-04-11 21:16:31
89,rb2210,SHFE,0_0_      148043,      425938,多,开,4881.0,2,2022-04-11 21:16:45
90,rb2210,SHFE,0_0_      164734,      450269,多,开,4884.0,4,2022-04-11 21:18:43
91,rb2210,SHFE,0_0_      175476,      463174,空,平今,4882.0,3,2022-04-11 21:19:58
92,rb2210,SHFE,0_0_      175476,      463203,空,平今,4882.0,1,2022-04-11 21:19:58
93,rb2210,SHFE,0_0_      175476,      463249,空,平今,4882.0,3,2022-04-11 21:19:59
94,rb2210,SHFE,0_0_      178899,      468218,空,开,4887.0,1,2022-04-11 21:20:13
95,rb2210,SHFE,0_0_      178899,      468219,空,开,4887.0,1,2022-04-11 21:20:13
96,rb2210,SHFE,0_0_      178899,      468220,空,开,4887.0,1,2022-04-11 21:20:13
97,rb2210,SHFE,0_0_      179978,      468943,空,开,4886.0,3,2022-04-11 21:20:17
98,rb2210,SHFE,0_0_      181855,      471980,多,平今,4886.0,1,2022-04-11 21:20:29
99,rb2210,SHFE,0_0_      186387,      477110,多,平今,4887.0,1,2022-04-11 21:21:02
100,rb2210,SHFE,0_0_      186387,      477219,多,平今,4887.0,1,2022-04-11 21:21:02
101,rb2210,SHFE,0_0_      204034,      498139,多,平今,4885.0,3,2022-04-11 21:23:00
102,rb2210,SHFE,0_0_      204034,      498307,多,平今,4885.0,1,2022-04-11 21:23:00
103,rb2210,SHFE,0_0_      176695,      505448,多,开,4881.0,2,2022-04-11 21:23:50
104,rb2210,SHFE,0_0_      176695,      505449,多,开,4881.0,1,2022-04-11 21:23:50
105,rb2210,SHFE,0_0_      176695,      505673,多,开,4881.0,1,2022-04-11 21:23:52
106,rb2210,SHFE,0_0_      210726,      505690,空,平今,4882.000000000001,1,2022-04-11 21:23:52
107,rb2210,SHFE,0_0_      212341,      507742,空,平今,4883.0,1,2022-04-11 21:24:05
108,rb2210,SHFE,0_0_      215966,      513327,空,开,4880.0,1,2022-04-11 21:24:36
109,rb2210,SHFE,0_0_      215966,      513328,空,开,4880.0,1,2022-04-11 21:24:36
110,rb2210,SHFE,0_0_      215966,      513339,空,开,4880.0,1,2022-04-11 21:24:36
111,rb2210,SHFE,0_0_      217608,      515073,多,平今,4880.0,3,2022-04-11 21:24:48
112,rb2210,SHFE,0_0_      228858,      535604,空,开,4881.0,3,2022-04-11 21:26:58
113,rb2210,SHFE,0_0_      236130,      537240,多,开,4879.0,2,2022-04-11 21:27:06
114,rb2210,SHFE,0_0_      235105,      539455,多,平今,4878.0,2,2022-04-11 21:27:25
115,rb2210,SHFE,0_0_      235105,      539572,多,平今,4878.0,1,2022-04-11 21:27:26
116,rb2210,SHFE,0_0_      238874,      546081,空,平今,4879.0,1,2022-04-11 21:27:57
117,rb2210,SHFE,0_0_      243609,      546160,多,平今,4878.0,1,2022-04-11 21:27:58
118,rb2210,SHFE,0_0_      258784,      566608,空,平今,4879.0,2,2022-04-11 21:30:01
119,rb2210,SHFE,0_0_      204221,      598785,空,开,4886.0,1,2022-04-11 21:32:34
120,rb2210,SHFE,0_0_      282392,      598810,多,平今,4885.0,1,2022-04-11 21:32:34
121,rb2210,SHFE,0_0_      286646,      606686,多,开,4885.0,1,2022-04-11 21:33:14
122,rb2210,SHFE,0_0_      286646,      607034,多,开,4885.0,1,2022-04-11 21:33:15
123,rb2210,SHFE,0_0_      286646,      607247,多,开,4885.0,1,2022-04-11 21:33:16
124,rb2210,SHFE,0_0_      286646,      607517,多,开,4885.0,1,2022-04-11 21:33:16
125,rb2210,SHFE,0_0_      288987,      607672,空,平今,4886.0,1,2022-04-11 21:33:17
126,rb2210,SHFE,0_0_      289176,      608796,空,平今,4886.0,2,2022-04-11 21:33:20
127,rb2210,SHFE,0_0_      290484,      613577,空,开,4886.0,4,2022-04-11 21:33:51
128,rb2210,SHFE,0_0_      292914,      620364,多,平今,4885.0,2,2022-04-11 21:34:34
129,rb2210,SHFE,0_0_      292914,      620366,多,平今,4885.0,2,2022-04-11 21:34:34
130,rb2210,SHFE,0_0_      297673,      622955,多,开,4885.0,2,2022-04-11 21:34:43
131,rb2210,SHFE,0_0_      299078,      625456,空,平今,4886.0,2,2022-04-11 21:34:54
132,rb2210,SHFE,0_0_      301890,      627951,多,开,4886.0,1,2022-04-11 21:35:05
133,rb2210,SHFE,0_0_      303632,      630387,空,平今,4885.0,1,2022-04-11 21:35:22
134,rb2210,SHFE,0_0_      314741,      648664,空,开,4882.0,4,2022-04-11 21:36:34
135,rb2210,SHFE,0_0_      319340,      653449,多,平今,4881.0,1,2022-04-11 21:36:55
136,rb2210,SHFE,0_0_      301983,      658078,空,开,4886.0,1,2022-04-11 21:37:21
137,rb2210,SHFE,0_0_      301983,      658135,空,开,4886.0,1,2022-04-11 21:37:22
138,rb2210,SHFE,0_0_      301983,      658154,空,开,4886.0,2,2022-04-11 21:37:22
139,rb2210,SHFE,0_0_      323392,      658934,多,平今,4885.0,3,2022-04-11 21:37:28
140,rb2210,SHFE,0_0_      324155,      659499,空,开,4886.0,1,2022-04-11 21:37:31
141,rb2210,SHFE,0_0_      324155,      659507,空,开,4886.0,1,2022-04-11 21:37:31
142,rb2210,SHFE,0_0_      324155,      659516,空,开,4886.0,1,2022-04-11 21:37:32
143,rb2210,SHFE,0_0_      324517,      659611,多,平今,4885.0,4,2022-04-11 21:37:32
144,rb2210,SHFE,0_0_      324656,      659777,空,开,4886.0,3,2022-04-11 21:37:33
145,rb2210,SHFE,0_0_      325694,      661810,多,平今,4888.0,1,2022-04-11 21:37:44
146,rb2210,SHFE,0_0_      325694,      661814,多,平今,4888.0,3,2022-04-11 21:37:44
147,rb2210,SHFE,0_0_      326508,      663439,多,开,4889.0,1,2022-04-11 21:37:49
148,rb2210,SHFE,0_0_      338293,      676419,空,平今,4890.0,2,2022-04-11 21:38:56
149,rb2210,SHFE,0_0_      338956,      677070,多,开,4890.0,1,2022-04-11 21:38:59
150,rb2210,SHFE,0_0_      342119,      682735,空,平今,4893.0,1,2022-04-11 21:39:23
151,rb2210,SHFE,0_0_      339088,      683845,多,开,4890.0,4,2022-04-11 21:39:30
152,rb2210,SHFE,0_0_      343772,      684015,空,开,4890.0,4,2022-04-11 21:39:31
153,rb2210,SHFE,0_0_      343718,      685766,空,平今,4891.0,4,2022-04-11 21:39:43
154,rb2210,SHFE,0_0_      346534,      687175,多,平今,4890.000000000001,2,2022-04-11 21:39:56
155,rb2210,SHFE,0_0_      353101,      697971,多,开,4889.0,1,2022-04-11 21:40:37
156,rb2210,SHFE,0_0_      353101,      698212,多,开,4889.0,1,2022-04-11 21:40:38
157,rb2210,SHFE,0_0_      353101,      698233,多,开,4889.0,2,2022-04-11 21:40:38
158,rb2210,SHFE,0_0_      363762,      706105,空,平今,4889.0,1,2022-04-11 21:41:21
159,rb2210,SHFE,0_0_      371845,      714446,多,平今,4891.0,1,2022-04-11 21:42:16
160,rb2210,SHFE,0_0_      374368,      718145,空,平今,4892.0,1,2022-04-11 21:42:38
161,rb2210,SHFE,0_0_      386816,      731396,多,开,4892.0,1,2022-04-11 21:43:59
162,rb2210,SHFE,0_0_      390742,      734821,空,平今,4891.0,1,2022-04-11 21:44:21
163,rb2210,SHFE,0_0_      391142,      735687,空,开,4891.0,1,2022-04-11 21:44:28
164,rb2210,SHFE,0_0_      391142,      735693,空,开,4891.0,3,2022-04-11 21:44:28
165,rb2210,SHFE,0_0_      364047,      740288,多,平今,4888.0,1,2022-04-11 21:44:58
166,rb2210,SHFE,0_0_      396890,      740588,空,平今,4889.0,1,2022-04-11 21:45:00
167,rb2210,SHFE,0_0_      397140,      740633,多,平今,4889.0,1,2022-04-11 21:45:00
168,rb2210,SHFE,0_0_      397140,      740634,多,平今,4889.0,1,2022-04-11 21:45:00
169,rb2210,SHFE,0_0_      402775,      748957,空,开,4888.0,4,2022-04-11 21:45:38
170,rb2210,SHFE,0_0_      403813,      749602,多,平今,4889.0,4,2022-04-11 21:45:42
171,rb2210,SHFE,0_0_      406980,      753367,多,开,4893.0,3,2022-04-11 21:46:00
172,rb2210,SHFE,0_0_      406980,      753371,多,开,4893.0,1,2022-04-11 21:46:00
173,rb2210,SHFE,0_0_      414027,      763672,空,平今,4893.0,1,2022-04-11 21:47:03
174,rb2210,SHFE,0_0_      418855,      768595,多,平今,4896.000000000001,1,2022-04-11 21:47:25
175,rb2210,SHFE,0_0_      418890,      768605,多,平今,4896.000000000001,3,2022-04-11 21:47:25
176,rb2210,SHFE,0_0_      418959,      768612,多,开,4896.000000000001,1,2022-04-11 21:47:25
177,rb2210,SHFE,0_0_      418967,      769217,空,开,4897.0,8,2022-04-11 21:47:27
178,rb2210,SHFE,0_0_      421322,      772575,多,平今,4900.0,2,2022-04-11 21:47:39
179,rb2210,SHFE,0_0_      421980,      774056,空,平今,4900.0,1,2022-04-11 21:47:44
180,rb2210,SHFE,0_0_      422416,      774490,多,开,4901.0,1,2022-04-11 21:47:46
181,rb2210,SHFE,0_0_      422462,      775512,空,平今,4902.0,1,2022-04-11 21:47:51
182,rb2210,SHFE,0_0_      425559,      780646,空,平今,4902.0,1,2022-04-11 21:48:07
183,rb2210,SHFE,0_0_      425779,      793654,多,开,4901.0,4,2022-04-11 21:48:48
184,rb2210,SHFE,0_0_      434891,      793725,空,平今,4902.0,1,2022-04-11 21:48:48
185,rb2210,SHFE,0_0_      434891,      793728,空,平今,4902.0,1,2022-04-11 21:48:48
186,rb2210,SHFE,0_0_      434891,      793801,空,平今,4902.0,1,2022-04-11 21:48:48
187,rb2210,SHFE,0_0_      434891,      793836,空,平今,4902.0,1,2022-04-11 21:48:48
188,rb2210,SHFE,0_0_      435105,      793984,空,开,4901.0,2,2022-04-11 21:48:49
189,rb2210,SHFE,0_0_      434891,      793988,空,平今,4902.0,1,2022-04-11 21:48:49
190,rb2210,SHFE,0_0_      434891,      793998,空,平今,4902.0,1,2022-04-11 21:48:49
191,rb2210,SHFE,0_0_      440185,      802273,多,平今,4896.0,1,2022-04-11 21:49:17
192,rb2210,SHFE,0_0_      441132,      802341,空,开,4897.0,1,2022-04-11 21:49:17
193,rb2210,SHFE,0_0_      441420,      802941,多,平今,4898.0,4,2022-04-11 21:49:21
194,rb2210,SHFE,0_0_      442336,      805669,空,开,4898.0,1,2022-04-11 21:49:28
195,rb2210,SHFE,0_0_      443571,      806462,多,平今,4898.0,2,2022-04-11 21:49:33
196,rb2210,SHFE,0_0_      444251,      807555,多,平今,4899.0,1,2022-04-11 21:49:40
197,rb2210,SHFE,0_0_      444273,      808028,空,开,4900.0,1,2022-04-11 21:49:42
198,rb2210,SHFE,0_0_      444395,      808656,多,平今,4899.0,1,2022-04-11 21:49:45
199,rb2210,SHFE,0_0_      444684,      809075,空,开,4900.0,1,2022-04-11 21:49:46
200,rb2210,SHFE,0_0_      444756,      809140,多,平今,4899.0,1,2022-04-11 21:49:46
201,rb2210,SHFE,0_0_      444759,      809145,空,开,4900.0,1,2022-04-11 21:49:46
202,rb2210,SHFE,0_0_      444760,      809160,多,平今,4899.0,1,2022-04-11 21:49:46
203,rb2210,SHFE,0_0_      444761,      810900,空,开,4900.0,1,2022-04-11 21:49:54
204,rb2210,SHFE,0_0_      446481,      812955,空,开,4900.0,4,2022-04-11 21:50:03
205,rb2210,SHFE,0_0_      434891,      813580,空,平今,4902.0,2,2022-04-11 21:50:06
206,rb2210,SHFE,0_0_      448505,      813813,多,开,4902.0,1,2022-04-11 21:50:07
207,rb2210,SHFE,0_0_      448505,      813814,多,开,4902.0,1,2022-04-11 21:50:07
208,rb2210,SHFE,0_0_      448712,      815739,多,开,4902.0,4,2022-04-11 21:50:14
209,rb2210,SHFE,0_0_      449748,      816319,空,平今,4903.0,4,2022-04-11 21:50:17
210,rb2210,SHFE,0_0_      455714,      822458,多,开,4903.0,4,2022-04-11 21:50:56
211,rb2210,SHFE,0_0_      456343,      823207,空,平今,4903.0,1,2022-04-11 21:51:00
212,rb2210,SHFE,0_0_      458543,      824802,多,开,4902.0,1,2022-04-11 21:51:06
213,rb2210,SHFE,0_0_      458607,      825194,空,平今,4903.0,1,2022-04-11 21:51:07
214,rb2210,SHFE,0_0_      459099,      825223,多,开,4902.0,1,2022-04-11 21:51:07
215,rb2210,SHFE,0_0_      459102,      826279,空,平今,4903.0,1,2022-04-11 21:51:13
216,rb2210,SHFE,0_0_      447611,      832847,多,平今,4899.0,6,2022-04-11 21:51:44
217,rb2210,SHFE,0_0_      464475,      843297,空,平今,4903.0,2,2022-04-11 21:52:28
218,rb2210,SHFE,0_0_      474731,      850916,多,开,4902.0,1,2022-04-11 21:53:06
219,rb2210,SHFE,0_0_      474731,      850921,多,开,4902.0,1,2022-04-11 21:53:06
220,rb2210,SHFE,0_0_      480868,      868824,空,平今,4903.0,2,2022-04-11 21:54:38
221,rb2210,SHFE,0_0_      507101,      883287,空,平今,4900.0,1,2022-04-11 21:55:47
222,rb2210,SHFE,0_0_      519521,      897983,空,开,4898.0,2,2022-04-11 21:57:16
223,rb2210,SHFE,0_0_      526886,      905701,空,开,4901.0,2,2022-04-11 21:58:03
224,rb2210,SHFE,0_0_      515262,      906378,空,平今,4902.0,1,2022-04-11 21:58:05
225,rb2210,SHFE,0_0_      530038,      909528,多,平今,4903.0,1,2022-04-11 21:58:16
226,rb2210,SHFE,0_0_      530038,      909624,多,平今,4903.0,1,2022-04-11 21:58:17
227,rb2210,SHFE,0_0_      530038,      909643,多,平今,4903.0,1,2022-04-11 21:58:17
228,rb2210,SHFE,0_0_      533118,      912764,多,开,4905.0,2,2022-04-11 21:58:33
229,rb2210,SHFE,0_0_      533593,      914483,空,平今,4909.0,2,2022-04-11 21:58:37
230,rb2210,SHFE,0_0_      534199,      916107,空,开,4909.0,4,2022-04-11 21:58:39
231,rb2210,SHFE,0_0_      534271,      916346,多,平今,4908.0,1,2022-04-11 21:58:40
232,rb2210,SHFE,0_0_      534532,      917337,空,平今,4909.0,1,2022-04-11 21:58:44
233,rb2210,SHFE,0_0_      535511,      917652,多,平今,4908.0,4,2022-04-11 21:58:46
234,rb2210,SHFE,0_0_      535862,      917811,多,开,4908.0,3,2022-04-11 21:58:47
235,rb2210,SHFE,0_0_      535890,      919554,空,开,4909.0,1,2022-04-11 21:58:55
236,rb2210,SHFE,0_0_      535890,      919576,空,开,4909.0,1,2022-04-11 21:58:55
237,rb2210,SHFE,0_0_      535890,      919603,空,开,4909.0,2,2022-04-11 21:58:55
238,rb2210,SHFE,0_0_      537209,      920699,多,平今,4908.0,4,2022-04-11 21:59:00
239,rb2210,SHFE,0_0_      543749,      926866,空,平今,4908.0,2,2022-04-11 21:59:33
240,rb2210,SHFE,0_0_      538306,      930228,空,开,4909.000000000001,4,2022-04-11 21:59:56
241,rb2210,SHFE,0_0_      546950,      931020,多,开,4908.0,2,2022-04-11 21:59:59
242,rb2210,SHFE,0_0_      547355,      931047,多,平今,4908.0,1,2022-04-11 21:59:59
243,rb2210,SHFE,0_0_      547963,      933675,多,平今,4908.0,2,2022-04-11 22:00:03
244,rb2210,SHFE,0_0_      547963,      933830,多,平今,4908.0,2,2022-04-11 22:00:04
245,rb2210,SHFE,0_0_      549128,      934496,空,平今,4909.0,2,2022-04-11 22:00:07
246,rb2210,SHFE,0_0_      549615,      940534,多,开,4908.0,2,2022-04-11 22:00:31
247,rb2210,SHFE,0_0_      554199,      940536,空,平今,4909.0,2,2022-04-11 22:00:31
248,rb2210,SHFE,0_0_      556212,      944108,多,开,4912.0,1,2022-04-11 22:00:40
249,rb2210,SHFE,0_0_      556212,      944109,多,开,4912.0,1,2022-04-11 22:00:40
250,rb2210,SHFE,0_0_      556212,      944111,多,开,4912.0,1,2022-04-11 22:00:40
251,rb2210,SHFE,0_0_      556212,      944112,多,开,4912.0,1,2022-04-11 22:00:40
252,rb2210,SHFE,0_0_      556212,      944113,多,开,4912.0,1,2022-04-11 22:00:40
253,rb2210,SHFE,0_0_      556264,      944500,空,平今,4912.0,1,2022-04-11 22:00:40
254,rb2210,SHFE,0_0_      556387,      945448,空,平今,4912.0,2,2022-04-11 22:00:43
255,rb2210,SHFE,0_0_      562293,      953771,空,开,4905.0,3,2022-04-11 22:01:14
256,rb2210,SHFE,0_0_      570512,      962936,多,平今,4906.0,1,2022-04-11 22:02:08
257,rb2210,SHFE,0_0_      570512,      963142,多,平今,4906.0,1,2022-04-11 22:02:08
258,rb2210,SHFE,0_0_      570732,      963742,空,开,4907.0,2,2022-04-11 22:02:10
259,rb2210,SHFE,0_0_      571233,      967420,多,平今,4906.0,2,2022-04-11 22:02:31
260,rb2210,SHFE,0_0_      584549,      978845,多,开,4906.0,2,2022-04-11 22:03:52
261,rb2210,SHFE,0_0_      585505,      979279,空,平今,4907.0,2,2022-04-11 22:03:55
262,rb2210,SHFE,0_0_      585505,      979388,空,平今,4907.0,1,2022-04-11 22:03:55
263,rb2210,SHFE,0_0_      557313,      981826,空,平今,4912.0,1,2022-04-11 22:04:09
264,rb2210,SHFE,0_0_      557313,      981844,空,平今,4912.0,1,2022-04-11 22:04:09
265,rb2210,SHFE,0_0_      586920,      981922,多,开,4910.0,2,2022-04-11 22:04:09
266,rb2210,SHFE,0_0_      587651,      981946,空,平今,4911.0,2,2022-04-11 22:04:09
267,rb2210,SHFE,0_0_      587652,      982172,多,开,4910.0,2,2022-04-11 22:04:12
268,rb2210,SHFE,0_0_      611693,     1004373,多,平今,4913.0,1,2022-04-11 22:07:03
269,rb2210,SHFE,0_0_      613686,     1008746,空,开,4914.0,4,2022-04-11 22:07:17
270,rb2210,SHFE,0_0_      612983,     1009718,空,平今,4915.0,1,2022-04-11 22:07:23
271,rb2210,SHFE,0_0_      615036,     1009907,多,平今,4914.0,2,2022-04-11 22:07:24
272,rb2210,SHFE,0_0_      611642,     1011561,多,开,4912.0,1,2022-04-11 22:07:31
273,rb2210,SHFE,0_0_      611642,     1011619,多,开,4912.0,1,2022-04-11 22:07:31
274,rb2210,SHFE,0_0_      616894,     1012671,空,平今,4913.0,3,2022-04-11 22:07:37
275,rb2210,SHFE,0_0_      616961,     1015534,多,开,4912.0,5,2022-04-11 22:07:51
276,rb2210,SHFE,0_0_      619326,     1016683,空,平今,4913.0,1,2022-04-11 22:07:59
277,rb2210,SHFE,0_0_      619326,     1016696,空,平今,4913.0,4,2022-04-11 22:07:59
278,rb2210,SHFE,0_0_      615037,     1018703,空,开,4915.0,2,2022-04-11 22:08:05
279,rb2210,SHFE,0_0_      612643,     1020556,空,开,4916.0,4,2022-04-11 22:08:09
280,rb2210,SHFE,0_0_      624547,     1022740,多,平今,4916.0,1,2022-04-11 22:08:15
281,rb2210,SHFE,0_0_      623228,     1022837,多,平今,4915.0,1,2022-04-11 22:08:15
282,rb2210,SHFE,0_0_      623315,     1022842,多,平今,4915.0,3,2022-04-11 22:08:15
283,rb2210,SHFE,0_0_      624645,     1023357,多,开,4915.0,3,2022-04-11 22:08:18
284,rb2210,SHFE,0_0_      624811,     1025519,空,开,4917.0,3,2022-04-11 22:08:25
285,rb2210,SHFE,0_0_      624811,     1025520,空,开,4917.0,1,2022-04-11 22:08:25
286,rb2210,SHFE,0_0_      628370,     1029326,多,平今,4915.0,4,2022-04-11 22:08:43
287,rb2210,SHFE,0_0_      621767,     1029839,多,平今,4914.0,1,2022-04-11 22:08:47
288,rb2210,SHFE,0_0_      621767,     1029847,多,平今,4914.0,1,2022-04-11 22:08:47
289,rb2210,SHFE,0_0_      630351,     1031297,空,平今,4915.0,1,2022-04-11 22:08:55
290,rb2210,SHFE,0_0_      631044,     1033152,空,开,4915.0,1,2022-04-11 22:09:00
291,rb2210,SHFE,0_0_      629566,     1033317,空,开,4916.0,4,2022-04-11 22:09:00
292,rb2210,SHFE,0_0_      626947,     1033382,空,平今,4917.0,2,2022-04-11 22:09:00
293,rb2210,SHFE,0_0_      631719,     1033482,多,平今,4916.0,1,2022-04-11 22:09:00
294,rb2210,SHFE,0_0_      631719,     1033484,多,平今,4916.0,1,2022-04-11 22:09:00
295,rb2210,SHFE,0_0_      631740,     1033603,空,开,4917.0,1,2022-04-11 22:09:00
296,rb2210,SHFE,0_0_      632032,     1035616,多,开,4917.0,3,2022-04-11 22:09:04
297,rb2210,SHFE,0_0_      635141,     1040214,空,平今,4918.0,1,2022-04-11 22:09:17
298,rb2210,SHFE,0_0_      635290,     1041137,空,开,4918.000000000001,1,2022-04-11 22:09:22
299,rb2210,SHFE,0_0_      636269,     1043004,空,开,4918.0,1,2022-04-11 22:09:33
300,rb2210,SHFE,0_0_      638333,     1043620,多,平今,4918.0,1,2022-04-11 22:09:36
301,rb2210,SHFE,0_0_      638333,     1043624,多,平今,4918.0,1,2022-04-11 22:09:36
302,rb2210,SHFE,0_0_      638497,     1043746,多,开,4918.0,1,2022-04-11 22:09:37
303,rb2210,SHFE,0_0_      640572,     1047310,空,开,4918.0,2,2022-04-11 22:09:56
304,rb2210,SHFE,0_0_      644822,     1052722,空,平今,4919.0,2,2022-04-11 22:10:14
305,rb2210,SHFE,0_0_      631654,     1059611,多,平今,4914.0,1,2022-04-11 22:10:53
306,rb2210,SHFE,0_0_      651708,     1062425,空,开,4916.0,2,2022-04-11 22:11:10
307,rb2210,SHFE,0_0_      653073,     1062485,多,平今,4916.0,4,2022-04-11 22:11:11
308,rb2210,SHFE,0_0_      653258,     1064448,多,平今,4915.0,2,2022-04-11 22:11:21
309,rb2210,SHFE,0_0_      654865,     1065968,空,开,4916.0,2,2022-04-11 22:11:30
310,rb2210,SHFE,0_0_      656325,     1068392,空,开,4916.0,3,2022-04-11 22:11:49
311,rb2210,SHFE,0_0_      656325,     1068398,空,开,4916.0,1,2022-04-11 22:11:49
312,rb2210,SHFE,0_0_      658017,     1068616,多,平今,4915.0,1,2022-04-11 22:11:51
313,rb2210,SHFE,0_0_      658017,     1068623,多,平今,4915.0,1,2022-04-11 22:11:51
314,rb2210,SHFE,0_0_      658017,     1068653,多,平今,4915.0,4,2022-04-11 22:11:51
315,rb2210,SHFE,0_0_      658379,     1068837,空,开,4916.0,1,2022-04-11 22:11:53
316,rb2210,SHFE,0_0_      658379,     1068838,空,开,4916.0,2,2022-04-11 22:11:53
317,rb2210,SHFE,0_0_      658379,     1068839,空,开,4916.0,1,2022-04-11 22:11:53
318,rb2210,SHFE,0_0_      658379,     1068840,空,开,4916.0,1,2022-04-11 22:11:53
319,rb2210,SHFE,0_0_      658437,     1073182,多,平今,4915.0,1,2022-04-11 22:12:13
320,rb2210,SHFE,0_0_      662682,     1074156,空,开,4915.0,1,2022-04-11 22:12:19
321,rb2210,SHFE,0_0_      662682,     1074190,空,开,4915.0,1,2022-04-11 22:12:20
322,rb2210,SHFE,0_0_      646260,     1081358,空,平今,4919.0,1,2022-04-11 22:13:03
323,rb2210,SHFE,0_0_      682734,     1099215,多,平今,4920.0,1,2022-04-11 22:14:52
324,rb2210,SHFE,0_0_      688595,     1107604,多,开,4914.0,3,2022-04-11 22:15:19
325,rb2210,SHFE,0_0_      690839,     1110791,空,平今,4914.0,1,2022-04-11 22:15:44
326,rb2210,SHFE,0_0_      620299,     1112898,多,开,4912.0,1,2022-04-11 22:15:58
327,rb2210,SHFE,0_0_      620299,     1112938,多,开,4912.0,4,2022-04-11 22:15:58
328,rb2210,SHFE,0_0_      692434,     1113028,空,平今,4913.0,4,2022-04-11 22:15:58
329,rb2210,SHFE,0_0_      696692,     1119378,空,平今,4911.0,1,2022-04-11 22:16:37
330,rb2210,SHFE,0_0_      696692,     1119380,空,平今,4911.0,1,2022-04-11 22:16:37
331,rb2210,SHFE,0_0_      697832,     1120971,多,平今,4910.0,1,2022-04-11 22:16:46
332,rb2210,SHFE,0_0_      698332,     1121333,多,平今,4910.0,1,2022-04-11 22:16:50
333,rb2210,SHFE,0_0_      699723,     1123113,多,平今,4911.0,1,2022-04-11 22:17:02
334,rb2210,SHFE,0_0_      713282,     1138484,多,平今,4911.0,1,2022-04-11 22:18:36
335,rb2210,SHFE,0_0_      749637,     1173290,多,开,4917.0,1,2022-04-11 22:22:46
336,rb2210,SHFE,0_0_      749637,     1173303,多,开,4917.0,1,2022-04-11 22:22:47
337,rb2210,SHFE,0_0_      749637,     1173306,多,开,4917.0,2,2022-04-11 22:22:47
338,rb2210,SHFE,0_0_      749637,     1173309,多,开,4917.0,1,2022-04-11 22:22:47
339,rb2210,SHFE,0_0_      749637,     1173312,多,开,4917.0,1,2022-04-11 22:22:47
340,rb2210,SHFE,0_0_      749637,     1173326,多,开,4917.0,1,2022-04-11 22:22:47
341,rb2210,SHFE,0_0_      750738,     1173696,空,平今,4917.0,1,2022-04-11 22:22:49
342,rb2210,SHFE,0_0_      750863,     1174124,空,平今,4917.0,1,2022-04-11 22:22:53
343,rb2210,SHFE,0_0_      751676,     1175281,空,平今,4917.0,1,2022-04-11 22:23:03
344,rb2210,SHFE,0_0_      751676,     1175282,空,平今,4917.0,1,2022-04-11 22:23:03
345,rb2210,SHFE,0_0_      756128,     1180726,多,开,4919.0,1,2022-04-11 22:23:40
346,rb2210,SHFE,0_0_      756128,     1180729,多,开,4919.0,1,2022-04-11 22:23:40
347,rb2210,SHFE,0_0_      756128,     1180732,多,开,4919.0,1,2022-04-11 22:23:41
348,rb2210,SHFE,0_0_      756128,     1180753,多,开,4919.0,1,2022-04-11 22:23:41
349,rb2210,SHFE,0_0_      757639,     1183022,空,平今,4920.000000000001,4,2022-04-11 22:24:00
350,rb2210,SHFE,0_0_      759352,     1184815,空,平今,4919.0,3,2022-04-11 22:24:15
351,rb2210,SHFE,0_0_      760207,     1185451,多,平今,4918.0,3,2022-04-11 22:24:22
352,rb2210,SHFE,0_0_      760386,     1185521,空,开,4919.0,3,2022-04-11 22:24:23
353,rb2210,SHFE,0_0_      761556,     1189286,多,平今,4920.0,2,2022-04-11 22:24:49
354,rb2210,SHFE,0_0_      763419,     1190187,空,开,4921.0,3,2022-04-11 22:24:57
355,rb2210,SHFE,0_0_      763633,     1190288,多,平今,4921.0,1,2022-04-11 22:24:57
356,rb2210,SHFE,0_0_      764426,     1191414,空,平今,4921.0,1,2022-04-11 22:25:06
357,rb2210,SHFE,0_0_      767931,     1194528,多,平今,4923.0,1,2022-04-11 22:25:23
358,rb2210,SHFE,0_0_      767931,     1194530,多,平今,4923.0,1,2022-04-11 22:25:23
359,rb2210,SHFE,0_0_      769312,     1197363,多,开,4924.0,1,2022-04-11 22:25:33
360,rb2210,SHFE,0_0_      769732,     1198347,空,开,4925.0,2,2022-04-11 22:25:37
361,rb2210,SHFE,0_0_      769732,     1198349,空,开,4925.0,4,2022-04-11 22:25:37
362,rb2210,SHFE,0_0_      769758,     1200698,多,平今,4924.0,4,2022-04-11 22:25:49
363,rb2210,SHFE,0_0_      770871,     1200700,空,开,4925.0,4,2022-04-11 22:25:49
364,rb2210,SHFE,0_0_      771236,     1202622,多,平今,4925.0,1,2022-04-11 22:25:59
365,rb2210,SHFE,0_0_      771822,     1203839,多,平今,4925.0,1,2022-04-11 22:26:04
366,rb2210,SHFE,0_0_      773811,     1206787,多,平今,4925.0,2,2022-04-11 22:26:23
367,rb2210,SHFE,0_0_      780669,     1215780,多,开,4928.0,1,2022-04-11 22:27:22
368,rb2210,SHFE,0_0_      780669,     1215781,多,开,4928.0,1,2022-04-11 22:27:22
369,rb2210,SHFE,0_0_      780717,     1215969,多,开,4928.000000000001,1,2022-04-11 22:27:23
370,rb2210,SHFE,0_0_      780816,     1216020,多,开,4928.0,2,2022-04-11 22:27:24
371,rb2210,SHFE,0_0_      780816,     1216021,多,开,4928.0,2,2022-04-11 22:27:24
372,rb2210,SHFE,0_0_      784562,     1221775,空,平今,4932.0,3,2022-04-11 22:28:02
373,rb2210,SHFE,0_0_      784562,     1221777,空,平今,4932.0,1,2022-04-11 22:28:02
374,rb2210,SHFE,0_0_      784562,     1221778,空,平今,4932.0,1,2022-04-11 22:28:02
375,rb2210,SHFE,0_0_      784562,     1222102,空,平今,4932.0,1,2022-04-11 22:28:03
376,rb2210,SHFE,0_0_      784562,     1222174,空,平今,4932.0,2,2022-04-11 22:28:03
377,rb2210,SHFE,0_0_      785172,     1222784,多,开,4932.0,1,2022-04-11 22:28:07
378,rb2210,SHFE,0_0_      785172,     1222785,多,开,4932.0,1,2022-04-11 22:28:07
379,rb2210,SHFE,0_0_      785172,     1222788,多,开,4932.0,1,2022-04-11 22:28:07
380,rb2210,SHFE,0_0_      785172,     1222789,多,开,4932.0,1,2022-04-11 22:28:07
381,rb2210,SHFE,0_0_      785531,     1223409,多,开,4930.0,3,2022-04-11 22:28:09
382,rb2210,SHFE,0_0_      785420,     1223585,空,平今,4931.0,1,2022-04-11 22:28:10
383,rb2210,SHFE,0_0_      786464,     1225009,空,平今,4929.0,2,2022-04-11 22:28:21
384,rb2210,SHFE,0_0_      787944,     1226361,多,开,4928.0,1,2022-04-11 22:28:30
385,rb2210,SHFE,0_0_      788173,     1226659,多,开,4929.0,2,2022-04-11 22:28:31
386,rb2210,SHFE,0_0_      788218,     1231404,空,平今,4930.0,1,2022-04-11 22:29:07
387,rb2210,SHFE,0_0_      792458,     1232506,多,开,4929.0,1,2022-04-11 22:29:13
388,rb2210,SHFE,0_0_      793769,     1233123,空,平今,4930.0,3,2022-04-11 22:29:18
389,rb2210,SHFE,0_0_      795408,     1234795,多,开,4926.0,1,2022-04-11 22:29:32
390,rb2210,SHFE,0_0_      795553,     1235009,多,开,4927.0,3,2022-04-11 22:29:33
391,rb2210,SHFE,0_0_      798474,     1237809,空,平今,4929.0,1,2022-04-11 22:29:59
392,rb2210,SHFE,0_0_      775651,     1240770,多,平今,4924.0,1,2022-04-11 22:30:13
393,rb2210,SHFE,0_0_      775651,     1240771,多,平今,4924.0,1,2022-04-11 22:30:13
394,rb2210,SHFE,0_0_      775651,     1240776,多,平今,4924.0,1,2022-04-11 22:30:13
395,rb2210,SHFE,0_0_      800338,     1241303,空,平今,4926.0,3,2022-04-11 22:30:15
396,rb2210,SHFE,0_0_      801427,     1241360,多,开,4925.0,1,2022-04-11 22:30:16
397,rb2210,SHFE,0_0_      801427,     1241380,多,开,4925.0,2,2022-04-11 22:30:16
398,rb2210,SHFE,0_0_      803801,     1244509,空,平今,4925.0,1,2022-04-11 22:30:32
399,rb2210,SHFE,0_0_      803801,     1244553,空,平今,4925.0,1,2022-04-11 22:30:33
400,rb2210,SHFE,0_0_      804110,     1244605,多,开,4924.0,1,2022-04-11 22:30:33
401,rb2210,SHFE,0_0_      806159,     1247020,多,开,4923.0,1,2022-04-11 22:30:48
402,rb2210,SHFE,0_0_      806638,     1247135,空,平今,4924.000000000001,1,2022-04-11 22:30:50
403,rb2210,SHFE,0_0_      806765,     1247232,多,开,4923.0,1,2022-04-11 22:30:50
404,rb2210,SHFE,0_0_      806821,     1247468,空,平今,4924.0,1,2022-04-11 22:30:52
405,rb2210,SHFE,0_0_      807032,     1247475,多,开,4923.0,1,2022-04-11 22:30:52
406,rb2210,SHFE,0_0_      812611,     1256324,空,开,4923.0,4,2022-04-11 22:31:41
407,rb2210,SHFE,0_0_      814111,     1256539,多,平今,4922.0,1,2022-04-11 22:31:42
408,rb2210,SHFE,0_0_      814199,     1256552,空,平今,4923.0,1,2022-04-11 22:31:42
409,rb2210,SHFE,0_0_      814270,     1256929,空,平今,4923.0,4,2022-04-11 22:31:43
410,rb2210,SHFE,0_0_      814684,     1257065,多,开,4922.0,4,2022-04-11 22:31:44
411,rb2210,SHFE,0_0_      814818,     1257089,空,平今,4923.0,1,2022-04-11 22:31:44
412,rb2210,SHFE,0_0_      814818,     1257091,空,平今,4923.0,1,2022-04-11 22:31:44
413,rb2210,SHFE,0_0_      814818,     1257095,空,平今,4923.0,1,2022-04-11 22:31:44
414,rb2210,SHFE,0_0_      814818,     1257104,空,平今,4923.0,1,2022-04-11 22:31:44
415,rb2210,SHFE,0_0_      814892,     1257860,多,开,4922.0,4,2022-04-11 22:31:51
416,rb2210,SHFE,0_0_      823147,     1263971,多,平今,4923.0,3,2022-04-11 22:32:54
417,rb2210,SHFE,0_0_      828028,     1268630,空,开,4921.0,4,2022-04-11 22:33:39
418,rb2210,SHFE,0_0_      830154,     1270522,空,平今,4920.0,3,2022-04-11 22:33:52
419,rb2210,SHFE,0_0_      834773,     1274473,多,平今,4920.0,1,2022-04-11 22:34:29
420,rb2210,SHFE,0_0_      823962,     1276835,空,平今,4925.0,3,2022-04-11 22:34:50
421,rb2210,SHFE,0_0_      837604,     1276981,多,开,4925.0,4,2022-04-11 22:34:51
422,rb2210,SHFE,0_0_      840171,     1278905,多,开,4925.0,4,2022-04-11 22:35:10
423,rb2210,SHFE,0_0_      843840,     1282389,空,平今,4924.0,1,2022-04-11 22:35:40
424,rb2210,SHFE,0_0_      862319,     1305732,多,平今,4923.0,2,2022-04-11 22:38:26
425,rb2210,SHFE,0_0_      862642,     1306633,空,平今,4924.0,2,2022-04-11 22:38:34
426,rb2210,SHFE,0_0_      867303,     1313017,多,开,4924.0,3,2022-04-11 22:39:25
427,rb2210,SHFE,0_0_      870280,     1313697,空,平今,4925.0,4,2022-04-11 22:39:30
428,rb2210,SHFE,0_0_      878227,     1321533,空,平今,4927.0,1,2022-04-11 22:40:43
429,rb2210,SHFE,0_0_      879773,     1322432,空,平今,4927.0,3,2022-04-11 22:40:52
430,rb2210,SHFE,0_0_      883154,     1326464,空,开,4928.0,1,2022-04-11 22:41:31
431,rb2210,SHFE,0_0_      884177,     1327520,多,开,4929.0,1,2022-04-11 22:41:40
432,rb2210,SHFE,0_0_      883879,     1331755,多,平今,4928.0,1,2022-04-11 22:42:14
433,rb2210,SHFE,0_0_      883879,     1331807,多,平今,4928.0,1,2022-04-11 22:42:14
434,rb2210,SHFE,0_0_      880517,     1336463,多,开,4926.0,3,2022-04-11 22:43:05
435,rb2210,SHFE,0_0_      893779,     1336594,空,平今,4927.0,3,2022-04-11 22:43:06
436,rb2210,SHFE,0_0_      871049,     1338863,多,开,4924.0,4,2022-04-11 22:43:27
437,rb2210,SHFE,0_0_      896901,     1339251,空,开,4924.0,2,2022-04-11 22:43:29
438,rb2210,SHFE,0_0_      896901,     1339258,空,开,4924.0,1,2022-04-11 22:43:29
439,rb2210,SHFE,0_0_      896731,     1340204,空,平今,4925.0,4,2022-04-11 22:43:36
440,rb2210,SHFE,0_0_      895582,     1340999,空,开,4927.0,2,2022-04-11 22:43:40
441,rb2210,SHFE,0_0_      900838,     1343161,多,平今,4927.0,1,2022-04-11 22:44:08
442,rb2210,SHFE,0_0_      900041,     1344875,多,平今,4926.0,1,2022-04-11 22:44:26
443,rb2210,SHFE,0_0_      900041,     1344979,多,平今,4926.0,1,2022-04-11 22:44:27
444,rb2210,SHFE,0_0_      900041,     1345045,多,平今,4926.0,1,2022-04-11 22:44:28
445,rb2210,SHFE,0_0_      902700,     1345197,空,平今,4927.0,1,2022-04-11 22:44:29
446,rb2210,SHFE,0_0_      902796,     1345230,多,平今,4926.0,1,2022-04-11 22:44:29
447,rb2210,SHFE,0_0_      902847,     1345676,多,开,4925.0,2,2022-04-11 22:44:32
448,rb2210,SHFE,0_0_      897578,     1346177,多,开,4924.0,4,2022-04-11 22:44:39
449,rb2210,SHFE,0_0_      904083,     1346199,空,平今,4925.000000000001,4,2022-04-11 22:44:39
450,rb2210,SHFE,0_0_      904096,     1346202,空,开,4925.000000000001,1,2022-04-11 22:44:39
451,rb2210,SHFE,0_0_      904145,     1346596,空,开,4925.0,1,2022-04-11 22:44:44
452,rb2210,SHFE,0_0_      904771,     1346833,多,平今,4924.0,1,2022-04-11 22:44:46
453,rb2210,SHFE,0_0_      903283,     1347385,空,平今,4926.0,1,2022-04-11 22:44:53
454,rb2210,SHFE,0_0_      903283,     1347414,空,平今,4926.0,1,2022-04-11 22:44:54
455,rb2210,SHFE,0_0_      902842,     1347592,空,开,4927.0,1,2022-04-11 22:44:56
456,rb2210,SHFE,0_0_      906683,     1347883,多,平今,4926.0,1,2022-04-11 22:45:00
457,rb2210,SHFE,0_0_      907300,     1349047,多,开,4927.0,4,2022-04-11 22:45:06
458,rb2210,SHFE,0_0_      908097,     1355012,空,平今,4927.0,4,2022-04-11 22:46:02
459,rb2210,SHFE,0_0_      914645,     1359268,空,开,4926.0,2,2022-04-11 22:46:47
460,rb2210,SHFE,0_0_      921599,     1363706,多,开,4930.0,8,2022-04-11 22:47:13
461,rb2210,SHFE,0_0_      922041,     1364737,空,平今,4931.0,1,2022-04-11 22:47:17
462,rb2210,SHFE,0_0_      922041,     1364746,空,平今,4931.0,1,2022-04-11 22:47:17
463,rb2210,SHFE,0_0_      922041,     1364785,空,平今,4931.0,1,2022-04-11 22:47:18
464,rb2210,SHFE,0_0_      922041,     1364792,空,平今,4931.0,1,2022-04-11 22:47:18
465,rb2210,SHFE,0_0_      923560,     1367795,多,开,4931.0,1,2022-04-11 22:47:35
466,rb2210,SHFE,0_0_      923560,     1367805,多,开,4931.0,3,2022-04-11 22:47:36
467,rb2210,SHFE,0_0_      930348,     1378912,空,平今,4938.0,4,2022-04-11 22:48:16
468,rb2210,SHFE,0_0_      931138,     1381104,空,平今,4937.0,1,2022-04-11 22:48:20
469,rb2210,SHFE,0_0_      931311,     1381361,空,开,4937.0,4,2022-04-11 22:48:21
470,rb2210,SHFE,0_0_      931589,     1381544,空,平今,4937.0,1,2022-04-11 22:48:22
471,rb2210,SHFE,0_0_      932694,     1383585,多,平今,4939.0,1,2022-04-11 22:48:28
472,rb2210,SHFE,0_0_      932694,     1383592,多,平今,4939.0,1,2022-04-11 22:48:28
473,rb2210,SHFE,0_0_      932694,     1383653,多,平今,4939.0,1,2022-04-11 22:48:28
474,rb2210,SHFE,0_0_      932694,     1383664,多,平今,4939.0,1,2022-04-11 22:48:28
475,rb2210,SHFE,0_0_      933893,     1386348,空,平今,4941.0,1,2022-04-11 22:48:33
476,rb2210,SHFE,0_0_      935875,     1389160,多,开,4940.0,5,2022-04-11 22:48:46
477,rb2210,SHFE,0_0_      934775,     1390113,空,开,4941.0,2,2022-04-11 22:48:51
478,rb2210,SHFE,0_0_      937160,     1390472,空,平今,4940.0,2,2022-04-11 22:48:55
479,rb2210,SHFE,0_0_      950367,     1408668,空,平今,4941.0,3,2022-04-11 22:50:25
480,rb2210,SHFE,0_0_      950367,     1408669,空,平今,4941.0,1,2022-04-11 22:50:25
481,rb2210,SHFE,0_0_      951151,     1411811,多,平今,4940.0,4,2022-04-11 22:50:39
482,rb2210,SHFE,0_0_      953758,     1416341,多,平今,4940.0,1,2022-04-11 22:51:02
483,rb2210,SHFE,0_0_      956338,     1417091,空,开,4939.0,1,2022-04-11 22:51:03
484,rb2210,SHFE,0_0_      957604,     1418966,空,开,4938.0,1,2022-04-11 22:51:10
485,rb2210,SHFE,0_0_      957604,     1418967,空,开,4938.0,1,2022-04-11 22:51:10
486,rb2210,SHFE,0_0_      957604,     1418973,空,开,4938.0,1,2022-04-11 22:51:10
487,rb2210,SHFE,0_0_      957604,     1418976,空,开,4938.0,1,2022-04-11 22:51:10
488,rb2210,SHFE,0_0_      965335,     1427376,多,平今,4938.0,1,2022-04-11 22:52:02
489,rb2210,SHFE,0_0_      965335,     1427390,多,平今,4938.0,1,2022-04-11 22:52:02
490,rb2210,SHFE,0_0_      965335,     1427391,多,平今,4938.0,1,2022-04-11 22:52:02
491,rb2210,SHFE,0_0_      965335,     1427393,多,平今,4938.0,1,2022-04-11 22:52:02
492,rb2210,SHFE,0_0_      965335,     1427582,多,平今,4938.0,1,2022-04-11 22:52:02
493,rb2210,SHFE,0_0_      966363,     1429539,多,开,4940.0,3,2022-04-11 22:52:12
494,rb2210,SHFE,0_0_      977322,     1438435,空,开,4937.0,2,2022-04-11 22:53:18
495,rb2210,SHFE,0_0_      977322,     1438447,空,开,4937.0,6,2022-04-11 22:53:18
496,rb2210,SHFE,0_0_      979247,     1439787,多,平今,4937.0,1,2022-04-11 22:53:28
497,rb2210,SHFE,0_0_      979247,     1439826,多,平今,4937.0,1,2022-04-11 22:53:29
498,rb2210,SHFE,0_0_      989807,     1450402,多,平今,4933.0,3,2022-04-11 22:54:57
499,rb2210,SHFE,0_0_      993486,     1451179,空,开,4932.0,1,2022-04-11 22:55:00
500,rb2210,SHFE,0_0_      993486,     1451190,空,开,4932.0,1,2022-04-11 22:55:00
501,rb2210,SHFE,0_0_      993576,     1451673,多,平今,4931.0,2,2022-04-11 22:55:05
502,rb2210,SHFE,0_0_      994252,     1451694,空,开,4932.0,1,2022-04-11 22:55:05
503,rb2210,SHFE,0_0_      994252,     1451701,空,开,4932.0,1,2022-04-11 22:55:05
504,rb2210,SHFE,0_0_     1001267,     1459032,空,开,4935.0,1,2022-04-11 22:56:03
505,rb2210,SHFE,0_0_     1001267,     1459037,空,开,4935.0,2,2022-04-11 22:56:03
506,rb2210,SHFE,0_0_     1007885,     1465656,空,平今,4930.0,2,2022-04-11 22:56:55
507,rb2210,SHFE,0_0_     1011280,     1469885,多,平今,4929.0,8,2022-04-11 22:57:20
508,rb2210,SHFE,0_0_     1011317,     1470198,空,开,4929.0,2,2022-04-11 22:57:22
509,rb2210,SHFE,0_0_     1013867,     1473152,空,开,4929.0,1,2022-04-11 22:57:40
510,rb2210,SHFE,0_0_     1013867,     1473272,空,开,4929.0,1,2022-04-11 22:57:41
511,rb2210,SHFE,0_0_     1345233,     1744137,空,开,4936.0,4,2022-04-12 09:00:15
512,rb2210,SHFE,0_0_     1346422,     1756044,多,平今,4937.0,1,2022-04-12 09:00:43
513,rb2210,SHFE,0_0_     1346422,     1756045,多,平今,4937.0,1,2022-04-12 09:00:43
514,rb2210,SHFE,0_0_     1346422,     1756048,多,平今,4937.0,1,2022-04-12 09:00:43
515,rb2210,SHFE,0_0_     1346422,     1756049,多,平今,4937.0,1,2022-04-12 09:00:43
516,rb2210,SHFE,0_0_     1346422,     1756053,多,平今,4937.0,1,2022-04-12 09:00:43
517,rb2210,SHFE,0_0_     1346422,     1756056,多,平今,4937.0,1,2022-04-12 09:00:43
518,rb2210,SHFE,0_0_     1347062,     1761863,多,平今,4934.0,2,2022-04-12 09:01:01
519,rb2210,SHFE,0_0_     1347082,     1762110,空,开,4935.0,1,2022-04-12 09:01:02
520,rb2210,SHFE,0_0_     1347082,     1762143,空,开,4935.0,1,2022-04-12 09:01:02
521,rb2210,SHFE,0_0_     1347577,     1765895,多,开,4939.0,1,2022-04-12 09:01:13
522,rb2210,SHFE,0_0_     1347577,     1765934,多,开,4939.0,3,2022-04-12 09:01:13
523,rb2210,SHFE,0_0_     1350201,     1781927,空,开,4939.0,1,2022-04-12 09:02:10
524,rb2210,SHFE,0_0_     1350201,     1781937,空,开,4939.0,1,2022-04-12 09:02:10
525,rb2210,SHFE,0_0_     1350201,     1781942,空,开,4939.0,1,2022-04-12 09:02:10
526,rb2210,SHFE,0_0_     1350201,     1781979,空,开,4939.0,1,2022-04-12 09:02:11
527,rb2210,SHFE,0_0_     1350201,     1782017,空,开,4939.0,1,2022-04-12 09:02:11
528,rb2210,SHFE,0_0_     1350007,     1783195,空,平今,4940.0,4,2022-04-12 09:02:16
529,rb2210,SHFE,0_0_     1350544,     1783198,多,平今,4939.0,2,2022-04-12 09:02:16
530,rb2210,SHFE,0_0_     1350544,     1783267,多,平今,4939.0,1,2022-04-12 09:02:16
531,rb2210,SHFE,0_0_     1350544,     1783270,多,平今,4939.0,1,2022-04-12 09:02:16
532,rb2210,SHFE,0_0_     1350957,     1786171,空,开,4941.0,4,2022-04-12 09:02:28
533,rb2210,SHFE,0_0_     1351184,     1786204,多,平今,4940.0,1,2022-04-12 09:02:28
534,rb2210,SHFE,0_0_     1351184,     1786206,多,平今,4940.0,3,2022-04-12 09:02:28
535,rb2210,SHFE,0_0_     1351269,     1786719,多,开,4941.0,2,2022-04-12 09:02:30
536,rb2210,SHFE,0_0_     1351269,     1786726,多,开,4941.0,1,2022-04-12 09:02:30
537,rb2210,SHFE,0_0_     1351269,     1786727,多,开,4941.0,1,2022-04-12 09:02:30
538,rb2210,SHFE,0_0_     1352283,     1792018,空,平今,4944.0,3,2022-04-12 09:02:47
539,rb2210,SHFE,0_0_     1352712,     1793958,多,开,4945.0,1,2022-04-12 09:02:54
540,rb2210,SHFE,0_0_     1352712,     1793961,多,开,4945.0,1,2022-04-12 09:02:54
541,rb2210,SHFE,0_0_     1352712,     1793979,多,开,4945.0,1,2022-04-12 09:02:54
542,rb2210,SHFE,0_0_     1352712,     1793988,多,开,4945.0,1,2022-04-12 09:02:54
543,rb2210,SHFE,0_0_     1352803,     1795075,多,平今,4945.0,1,2022-04-12 09:02:57
544,rb2210,SHFE,0_0_     1353697,     1797730,空,平今,4947.0,1,2022-04-12 09:03:05
545,rb2210,SHFE,0_0_     1353697,     1797737,空,平今,4947.0,5,2022-04-12 09:03:05
546,rb2210,SHFE,0_0_     1353896,     1798881,多,开,4947.0,1,2022-04-12 09:03:09
547,rb2210,SHFE,0_0_     1353896,     1798895,多,开,4947.0,3,2022-04-12 09:03:09
548,rb2210,SHFE,0_0_     1354030,     1799061,多,平今,4947.0,1,2022-04-12 09:03:10
549,rb2210,SHFE,0_0_     1354111,     1799185,多,开,4947.0,4,2022-04-12 09:03:10
550,rb2210,SHFE,0_0_     1355865,     1805826,空,平今,4950.0,1,2022-04-12 09:03:27
551,rb2210,SHFE,0_0_     1355865,     1805839,空,平今,4950.0,2,2022-04-12 09:03:27
552,rb2210,SHFE,0_0_     1355865,     1805843,空,平今,4950.0,1,2022-04-12 09:03:27
553,rb2210,SHFE,0_0_     1355893,     1805934,空,平今,4950.0,1,2022-04-12 09:03:27
554,rb2210,SHFE,0_0_     1355913,     1806059,多,开,4949.0,1,2022-04-12 09:03:28
555,rb2210,SHFE,0_0_     1355983,     1806327,多,开,4949.0,4,2022-04-12 09:03:28
556,rb2210,SHFE,0_0_     1356289,     1807278,空,平今,4950.0,1,2022-04-12 09:03:32
557,rb2210,SHFE,0_0_     1356387,     1807643,多,开,4949.0,1,2022-04-12 09:03:33
558,rb2210,SHFE,0_0_     1360708,     1820276,空,开,4948.0,3,2022-04-12 09:04:17
559,rb2210,SHFE,0_0_     1356826,     1822393,空,平今,4951.0,1,2022-04-12 09:04:25
560,rb2210,SHFE,0_0_     1356826,     1822461,空,平今,4951.0,1,2022-04-12 09:04:25
561,rb2210,SHFE,0_0_     1356826,     1822477,空,平今,4951.0,1,2022-04-12 09:04:25
562,rb2210,SHFE,0_0_     1356826,     1822658,空,平今,4951.0,2,2022-04-12 09:04:26
563,rb2210,SHFE,0_0_     1356826,     1822697,空,平今,4951.0,3,2022-04-12 09:04:26
564,rb2210,SHFE,0_0_     1361759,     1822957,多,开,4950.0,4,2022-04-12 09:04:27
565,rb2210,SHFE,0_0_     1361571,     1823601,多,平今,4949.0,1,2022-04-12 09:04:29
566,rb2210,SHFE,0_0_     1361571,     1823627,多,平今,4949.0,1,2022-04-12 09:04:29
567,rb2210,SHFE,0_0_     1361571,     1823647,多,平今,4949.0,1,2022-04-12 09:04:29
568,rb2210,SHFE,0_0_     1362043,     1824322,空,平今,4950.0,3,2022-04-12 09:04:31
569,rb2210,SHFE,0_0_     1362169,     1825133,多,开,4949.0,1,2022-04-12 09:04:33
570,rb2210,SHFE,0_0_     1362169,     1825134,多,开,4949.0,2,2022-04-12 09:04:33
571,rb2210,SHFE,0_0_     1362621,     1827245,空,开,4949.0,3,2022-04-12 09:04:41
572,rb2210,SHFE,0_0_     1363201,     1827256,多,平今,4948.0,3,2022-04-12 09:04:41
573,rb2210,SHFE,0_0_     1353207,     1830335,多,平今,4945.0,1,2022-04-12 09:04:56
574,rb2210,SHFE,0_0_     1364675,     1830411,空,开,4946.0,1,2022-04-12 09:04:57
575,rb2210,SHFE,0_0_     1364675,     1830412,空,开,4946.0,3,2022-04-12 09:04:57
576,rb2210,SHFE,0_0_     1362352,     1832243,空,平今,4950.0,1,2022-04-12 09:05:01
577,rb2210,SHFE,0_0_     1362352,     1832308,空,平今,4950.0,3,2022-04-12 09:05:01
578,rb2210,SHFE,0_0_     1365722,     1832383,多,平今,4949.0,1,2022-04-12 09:05:01
579,rb2210,SHFE,0_0_     1365722,     1832391,多,平今,4949.0,1,2022-04-12 09:05:01
580,rb2210,SHFE,0_0_     1365722,     1832394,多,平今,4949.0,1,2022-04-12 09:05:01
581,rb2210,SHFE,0_0_     1365722,     1832397,多,平今,4949.0,1,2022-04-12 09:05:01
582,rb2210,SHFE,0_0_     1365834,     1832540,空,开,4949.0,5,2022-04-12 09:05:02
583,rb2210,SHFE,0_0_     1365835,     1832767,多,开,4948.0,1,2022-04-12 09:05:02
584,rb2210,SHFE,0_0_     1365835,     1832771,多,开,4948.0,1,2022-04-12 09:05:02
585,rb2210,SHFE,0_0_     1365835,     1832772,多,开,4948.0,1,2022-04-12 09:05:02
586,rb2210,SHFE,0_0_     1365835,     1832774,多,开,4948.0,1,2022-04-12 09:05:02
587,rb2210,SHFE,0_0_     1365931,     1836460,空,平今,4949.0,4,2022-04-12 09:05:14
588,rb2210,SHFE,0_0_     1369302,     1839088,多,平今,4950.0,4,2022-04-12 09:05:22
589,rb2210,SHFE,0_0_     1369502,     1839303,空,开,4951.0,4,2022-04-12 09:05:23
590,rb2210,SHFE,0_0_     1369850,     1840346,多,开,4952.0,4,2022-04-12 09:05:27
591,rb2210,SHFE,0_0_     1370572,     1842253,多,开,4952.0,1,2022-04-12 09:05:34
592,rb2210,SHFE,0_0_     1370572,     1845470,多,开,4952.0,3,2022-04-12 09:05:51
593,rb2210,SHFE,0_0_     1372923,     1845633,空,平今,4953.0,3,2022-04-12 09:05:51
594,rb2210,SHFE,0_0_     1372968,     1845791,多,开,4952.0,1,2022-04-12 09:05:52
595,rb2210,SHFE,0_0_     1372968,     1845793,多,开,4952.0,2,2022-04-12 09:05:52
596,rb2210,SHFE,0_0_     1375067,     1850558,空,平今,4953.0,1,2022-04-12 09:06:08
597,rb2210,SHFE,0_0_     1375067,     1850565,空,平今,4953.0,1,2022-04-12 09:06:08
598,rb2210,SHFE,0_0_     1375067,     1850566,空,平今,4953.0,2,2022-04-12 09:06:08
599,rb2210,SHFE,0_0_     1375311,     1850820,多,开,4953.0,4,2022-04-12 09:06:09
600,rb2210,SHFE,0_0_     1375656,     1851461,空,平今,4954.0,1,2022-04-12 09:06:13
601,rb2210,SHFE,0_0_     1375656,     1851467,空,平今,4954.0,3,2022-04-12 09:06:13
602,rb2210,SHFE,0_0_     1375796,     1851677,多,开,4953.0,4,2022-04-12 09:06:15
603,rb2210,SHFE,0_0_     1376037,     1852221,空,平今,4954.0,4,2022-04-12 09:06:18
604,rb2210,SHFE,0_0_     1376714,     1852892,多,平今,4955.0,1,2022-04-12 09:06:21
605,rb2210,SHFE,0_0_     1374329,     1853057,空,平今,4956.0,2,2022-04-12 09:06:21
606,rb2210,SHFE,0_0_     1377949,     1855498,空,开,4956.0,3,2022-04-12 09:06:33
607,rb2210,SHFE,0_0_     1378183,     1855763,多,平今,4956.0,1,2022-04-12 09:06:34
608,rb2210,SHFE,0_0_     1380708,     1859498,多,平今,4955.0,2,2022-04-12 09:06:55
609,rb2210,SHFE,0_0_     1378232,     1863744,空,平今,4957.0,1,2022-04-12 09:07:18
610,rb2210,SHFE,0_0_     1387750,     1869633,多,平今,4961.0,4,2022-04-12 09:07:40
611,rb2210,SHFE,0_0_     1391219,     1876493,多,开,4961.0,3,2022-04-12 09:08:06
612,rb2210,SHFE,0_0_     1392014,     1877632,空,平今,4960.000000000001,4,2022-04-12 09:08:12
613,rb2210,SHFE,0_0_     1392111,     1877793,多,开,4960.0,3,2022-04-12 09:08:13
614,rb2210,SHFE,0_0_     1393894,     1880433,空,开,4957.0,3,2022-04-12 09:08:28
615,rb2210,SHFE,0_0_     1385412,     1880633,多,开,4956.0,1,2022-04-12 09:08:29
616,rb2210,SHFE,0_0_     1394137,     1880860,多,开,4957.0,1,2022-04-12 09:08:31
617,rb2210,SHFE,0_0_     1394137,     1880861,多,开,4957.0,1,2022-04-12 09:08:31
618,rb2210,SHFE,0_0_     1394137,     1880878,多,开,4957.0,2,2022-04-12 09:08:31
619,rb2210,SHFE,0_0_     1395938,     1883549,空,平今,4958.0,1,2022-04-12 09:08:49
620,rb2210,SHFE,0_0_     1395938,     1883577,空,平今,4958.0,2,2022-04-12 09:08:49
621,rb2210,SHFE,0_0_     1396444,     1884206,多,平今,4957.0,1,2022-04-12 09:08:53
622,rb2210,SHFE,0_0_     1397361,     1885020,多,平今,4958.0,1,2022-04-12 09:08:58
623,rb2210,SHFE,0_0_     1397652,     1885375,空,平今,4959.0,1,2022-04-12 09:09:00
624,rb2210,SHFE,0_0_     1398351,     1886112,空,开,4959.0,1,2022-04-12 09:09:03
625,rb2210,SHFE,0_0_     1398351,     1886113,空,开,4959.0,1,2022-04-12 09:09:03
626,rb2210,SHFE,0_0_     1400698,     1889040,多,平今,4956.0,2,2022-04-12 09:09:25
627,rb2210,SHFE,0_0_     1404516,     1891308,空,开,4957.0,2,2022-04-12 09:09:42
628,rb2210,SHFE,0_0_     1398556,     1893402,空,开,4959.0,1,2022-04-12 09:09:55
629,rb2210,SHFE,0_0_     1398556,     1893414,空,开,4959.0,1,2022-04-12 09:09:55
630,rb2210,SHFE,0_0_     1406231,     1893696,多,平今,4958.000000000001,2,2022-04-12 09:09:57
631,rb2210,SHFE,0_0_     1407033,     1894601,空,开,4959.0,4,2022-04-12 09:10:01
632,rb2210,SHFE,0_0_     1407468,     1895175,多,平今,4960.0,3,2022-04-12 09:10:04
633,rb2210,SHFE,0_0_     1408047,     1896310,多,开,4960.0,1,2022-04-12 09:10:08
634,rb2210,SHFE,0_0_     1409450,     1898509,多,开,4960.0,1,2022-04-12 09:10:18
635,rb2210,SHFE,0_0_     1410185,     1899749,多,开,4961.0,2,2022-04-12 09:10:22
636,rb2210,SHFE,0_0_     1410683,     1900311,空,平今,4962.0,3,2022-04-12 09:10:26
637,rb2210,SHFE,0_0_     1407052,     1908538,多,平今,4958.0,3,2022-04-12 09:11:05
638,rb2210,SHFE,0_0_     1407052,     1908541,多,平今,4958.0,1,2022-04-12 09:11:05
639,rb2210,SHFE,0_0_     1421771,     1917170,空,开,4957.0,3,2022-04-12 09:11:45
640,rb2210,SHFE,0_0_     1431663,     1932042,空,开,4955.0,1,2022-04-12 09:12:49
641,rb2210,SHFE,0_0_     1434422,     1935275,空,开,4954.0,1,2022-04-12 09:13:01
642,rb2210,SHFE,0_0_     1434422,     1935276,空,开,4954.0,3,2022-04-12 09:13:01
643,rb2210,SHFE,0_0_     1436922,     1938862,多,平今,4954.0,3,2022-04-12 09:13:17
644,rb2210,SHFE,0_0_     1437374,     1940808,空,开,4955.0,1,2022-04-12 09:13:26
645,rb2210,SHFE,0_0_     1438806,     1941948,多,平今,4954.0,1,2022-04-12 09:13:30
646,rb2210,SHFE,0_0_     1439774,     1943243,多,平今,4954.0,1,2022-04-12 09:13:34
647,rb2210,SHFE,0_0_     1439774,     1943246,多,平今,4954.0,1,2022-04-12 09:13:34
648,rb2210,SHFE,0_0_     1425029,     1961867,空,平今,4958.0,1,2022-04-12 09:15:04
649,rb2210,SHFE,0_0_     1452734,     1962642,多,开,4957.0,1,2022-04-12 09:15:08
650,rb2210,SHFE,0_0_     1452541,     1965398,多,平今,4956.0,3,2022-04-12 09:15:21
651,rb2210,SHFE,0_0_     1461240,     1970784,多,开,4956.0,1,2022-04-12 09:15:56
652,rb2210,SHFE,0_0_     1469081,     1983841,空,平今,4948.0,1,2022-04-12 09:16:58
653,rb2210,SHFE,0_0_     1469081,     1983876,空,平今,4948.0,1,2022-04-12 09:16:59
654,rb2210,SHFE,0_0_     1469081,     1983877,空,平今,4948.0,1,2022-04-12 09:16:59
655,rb2210,SHFE,0_0_     1469081,     1983893,空,平今,4948.0,2,2022-04-12 09:16:59
656,rb2210,SHFE,0_0_     1469081,     1983905,空,平今,4948.0,1,2022-04-12 09:16:59
657,rb2210,SHFE,0_0_     1477138,     1992729,多,开,4949.0,5,2022-04-12 09:17:57
658,rb2210,SHFE,0_0_     1478132,     1994017,空,开,4947.0,1,2022-04-12 09:18:02
659,rb2210,SHFE,0_0_     1478132,     1994048,空,开,4947.0,1,2022-04-12 09:18:03
660,rb2210,SHFE,0_0_     1478132,     1994049,空,开,4947.0,1,2022-04-12 09:18:03
661,rb2210,SHFE,0_0_     1478765,     1994888,空,平今,4947.0,1,2022-04-12 09:18:07
662,rb2210,SHFE,0_0_     1479591,     1995751,多,平今,4946.0,1,2022-04-12 09:18:12
663,rb2210,SHFE,0_0_     1487422,     2003139,多,开,4953.0,4,2022-04-12 09:19:16
664,rb2210,SHFE,0_0_     1464465,     2003453,空,开,4954.0,2,2022-04-12 09:19:19
665,rb2210,SHFE,0_0_     1464465,     2003459,空,开,4954.0,1,2022-04-12 09:19:19
666,rb2210,SHFE,0_0_     1464465,     2003506,空,开,4954.0,1,2022-04-12 09:19:20
667,rb2210,SHFE,0_0_     1487710,     2003878,多,平今,4953.0,1,2022-04-12 09:19:23
668,rb2210,SHFE,0_0_     1493512,     2012098,多,平今,4954.0,3,2022-04-12 09:20:12
669,rb2210,SHFE,0_0_     1493512,     2012513,多,平今,4954.0,1,2022-04-12 09:20:14
670,rb2210,SHFE,0_0_     1498558,     2016089,空,平今,4955.0,1,2022-04-12 09:20:44
671,rb2210,SHFE,0_0_     1506043,     2023682,空,开,4953.0,7,2022-04-12 09:21:36
672,rb2210,SHFE,0_0_     1506386,     2024451,多,平今,4952.0,3,2022-04-12 09:21:39
673,rb2210,SHFE,0_0_     1506386,     2024452,多,平今,4952.0,1,2022-04-12 09:21:39
674,rb2210,SHFE,0_0_     1506817,     2025925,多,平今,4951.0,3,2022-04-12 09:21:44
675,rb2210,SHFE,0_0_     1507085,     2026128,空,开,4952.0,1,2022-04-12 09:21:45
676,rb2210,SHFE,0_0_     1507085,     2026158,空,开,4952.0,1,2022-04-12 09:21:45
677,rb2210,SHFE,0_0_     1507085,     2026178,空,开,4952.0,4,2022-04-12 09:21:45
678,rb2210,SHFE,0_0_     1507164,     2026811,空,平今,4952.0,1,2022-04-12 09:21:50
679,rb2210,SHFE,0_0_     1507164,     2026812,空,平今,4952.0,1,2022-04-12 09:21:50
680,rb2210,SHFE,0_0_     1507164,     2026846,空,平今,4952.0,2,2022-04-12 09:21:50
681,rb2210,SHFE,0_0_     1507811,     2027009,多,平今,4951.000000000001,3,2022-04-12 09:21:51
682,rb2210,SHFE,0_0_     1508347,     2027659,多,平今,4951.0,1,2022-04-12 09:21:55
683,rb2210,SHFE,0_0_     1508347,     2027665,多,平今,4951.0,1,2022-04-12 09:21:55
684,rb2210,SHFE,0_0_     1508353,     2028786,空,平今,4952.0,1,2022-04-12 09:22:02
685,rb2210,SHFE,0_0_     1510476,     2031159,多,平今,4952.0,1,2022-04-12 09:22:17
686,rb2210,SHFE,0_0_     1510476,     2031160,多,平今,4952.0,1,2022-04-12 09:22:17
687,rb2210,SHFE,0_0_     1511150,     2031550,空,开,4953.0,2,2022-04-12 09:22:22
688,rb2210,SHFE,0_0_     1511775,     2031636,多,平今,4952.0,2,2022-04-12 09:22:23
689,rb2210,SHFE,0_0_     1511809,     2031896,空,开,4953.0,2,2022-04-12 09:22:25
690,rb2210,SHFE,0_0_     1511817,     2032187,多,开,4952.0,2,2022-04-12 09:22:27
691,rb2210,SHFE,0_0_     1511817,     2032202,多,开,4952.0,1,2022-04-12 09:22:27
692,rb2210,SHFE,0_0_     1511817,     2032245,多,开,4952.0,1,2022-04-12 09:22:27
693,rb2210,SHFE,0_0_     1511817,     2032255,多,开,4952.0,1,2022-04-12 09:22:27
694,rb2210,SHFE,0_0_     1511817,     2032319,多,开,4952.0,1,2022-04-12 09:22:28
695,rb2210,SHFE,0_0_     1512612,     2033057,空,平今,4952.0,4,2022-04-12 09:22:34
696,rb2210,SHFE,0_0_     1516797,     2038559,空,平今,4954.0,1,2022-04-12 09:23:18
697,rb2210,SHFE,0_0_     1519881,     2044853,空,开,4951.0,2,2022-04-12 09:23:52
698,rb2210,SHFE,0_0_     1522572,     2051286,空,开,4947.0,1,2022-04-12 09:24:17
699,rb2210,SHFE,0_0_     1540072,     2075557,空,开,4945.0,1,2022-04-12 09:26:36
700,rb2210,SHFE,0_0_     1540072,     2075565,空,开,4945.0,2,2022-04-12 09:26:36
701,rb2210,SHFE,0_0_     1544617,     2079328,多,平今,4944.0,1,2022-04-12 09:26:59
702,rb2210,SHFE,0_0_     1539062,     2081481,空,平今,4946.0,1,2022-04-12 09:27:09
703,rb2210,SHFE,0_0_     1546741,     2083007,多,平今,4945.0,4,2022-04-12 09:27:19
704,rb2210,SHFE,0_0_     1545546,     2083508,多,平今,4943.0,2,2022-04-12 09:27:21
705,rb2210,SHFE,0_0_     1548055,     2083706,空,开,4943.0,1,2022-04-12 09:27:23
706,rb2210,SHFE,0_0_     1548055,     2083707,空,开,4943.0,1,2022-04-12 09:27:23
707,rb2210,SHFE,0_0_     1548055,     2083712,空,开,4943.0,1,2022-04-12 09:27:23
708,rb2210,SHFE,0_0_     1548140,     2089241,空,平今,4944.0,2,2022-04-12 09:27:50
709,rb2210,SHFE,0_0_     1552345,     2090181,多,平今,4943.0,1,2022-04-12 09:27:54
710,rb2210,SHFE,0_0_     1553212,     2091002,多,开,4944.0,2,2022-04-12 09:27:59
711,rb2210,SHFE,0_0_     1553318,     2091372,多,开,4944.0,4,2022-04-12 09:28:01
712,rb2210,SHFE,0_0_     1560056,     2101002,空,平今,4944.0,1,2022-04-12 09:29:02
713,rb2210,SHFE,0_0_     1569019,     2111413,多,平今,4945.0,1,2022-04-12 09:30:00
714,rb2210,SHFE,0_0_     1569019,     2111416,多,平今,4945.0,2,2022-04-12 09:30:00
715,rb2210,SHFE,0_0_     1582353,     2127268,空,平今,4946.0,3,2022-04-12 09:32:03
716,rb2210,SHFE,0_0_     1582353,     2127269,空,平今,4946.0,1,2022-04-12 09:32:03
717,rb2210,SHFE,0_0_     1584272,     2128338,多,开,4945.0,1,2022-04-12 09:32:14
718,rb2210,SHFE,0_0_     1584587,     2128583,多,开,4945.0,2,2022-04-12 09:32:16
719,rb2210,SHFE,0_0_     1584808,     2128971,空,平今,4945.0,1,2022-04-12 09:32:19
720,rb2210,SHFE,0_0_     1569230,     2129282,多,开,4944.0,1,2022-04-12 09:32:23
721,rb2210,SHFE,0_0_     1569230,     2129353,多,开,4944.0,1,2022-04-12 09:32:23
722,rb2210,SHFE,0_0_     1569230,     2129392,多,开,4944.0,1,2022-04-12 09:32:24
723,rb2210,SHFE,0_0_     1586242,     2130932,空,开,4944.0,1,2022-04-12 09:32:33
724,rb2210,SHFE,0_0_     1586242,     2131144,空,开,4944.0,1,2022-04-12 09:32:35
725,rb2210,SHFE,0_0_     1586242,     2131245,空,开,4944.0,2,2022-04-12 09:32:37
726,rb2210,SHFE,0_0_     1588745,     2135449,空,开,4943.0,4,2022-04-12 09:33:02
727,rb2210,SHFE,0_0_     1587351,     2135817,空,平今,4944.0,1,2022-04-12 09:33:04
728,rb2210,SHFE,0_0_     1590349,     2138336,多,平今,4943.0,3,2022-04-12 09:33:21
729,rb2210,SHFE,0_0_     1593669,     2141768,空,平今,4942.0,1,2022-04-12 09:33:50
730,rb2210,SHFE,0_0_     1593669,     2141815,空,平今,4942.0,1,2022-04-12 09:33:50
731,rb2210,SHFE,0_0_     1594081,     2142096,空,开,4942.0,1,2022-04-12 09:33:51
732,rb2210,SHFE,0_0_     1594081,     2142106,空,开,4942.0,1,2022-04-12 09:33:52
733,rb2210,SHFE,0_0_     1594338,     2142644,多,平今,4942.0,2,2022-04-12 09:33:55
734,rb2210,SHFE,0_0_     1594512,     2142849,多,平今,4941.0,1,2022-04-12 09:33:56
735,rb2210,SHFE,0_0_     1594512,     2142976,多,平今,4941.0,1,2022-04-12 09:33:56
736,rb2210,SHFE,0_0_     1594512,     2142988,多,平今,4941.0,1,2022-04-12 09:33:56
737,rb2210,SHFE,0_0_     1594512,     2143022,多,平今,4941.0,1,2022-04-12 09:33:57
738,rb2210,SHFE,0_0_     1594512,     2143045,多,平今,4941.0,1,2022-04-12 09:33:57
739,rb2210,SHFE,0_0_     1595062,     2143739,空,开,4942.0,4,2022-04-12 09:34:01
740,rb2210,SHFE,0_0_     1594501,     2144967,空,开,4943.0,1,2022-04-12 09:34:09
741,rb2210,SHFE,0_0_     1596379,     2145560,多,开,4943.0,2,2022-04-12 09:34:13
742,rb2210,SHFE,0_0_     1596124,     2149275,多,平今,4942.0,4,2022-04-12 09:34:37
743,rb2210,SHFE,0_0_     1601349,     2152400,空,平今,4942.0,2,2022-04-12 09:35:02
744,rb2210,SHFE,0_0_     1601349,     2152421,空,平今,4942.0,1,2022-04-12 09:35:02
745,rb2210,SHFE,0_0_     1601349,     2152425,空,平今,4942.0,1,2022-04-12 09:35:02
746,rb2210,SHFE,0_0_     1599137,     2154272,空,开,4943.0,1,2022-04-12 09:35:14
747,rb2210,SHFE,0_0_     1599137,     2154366,空,开,4943.0,6,2022-04-12 09:35:15
748,rb2210,SHFE,0_0_     1603643,     2154486,多,平今,4942.0,3,2022-04-12 09:35:16
749,rb2210,SHFE,0_0_     1603704,     2154569,多,平今,4942.0,1,2022-04-12 09:35:17
750,rb2210,SHFE,0_0_     1603939,     2155046,多,开,4942.0,2,2022-04-12 09:35:20
751,rb2210,SHFE,0_0_     1603597,     2163756,多,平今,4941.0,4,2022-04-12 09:36:22
752,rb2210,SHFE,0_0_     1613312,     2168497,空,开,4943.0,2,2022-04-12 09:37:04
753,rb2210,SHFE,0_0_     1613312,     2168730,空,开,4943.0,2,2022-04-12 09:37:06
754,rb2210,SHFE,0_0_     1616207,     2171295,多,平今,4943.0,1,2022-04-12 09:37:20
755,rb2210,SHFE,0_0_     1619550,     2173012,空,开,4943.0,1,2022-04-12 09:37:33
756,rb2210,SHFE,0_0_     1619550,     2173023,空,开,4943.0,1,2022-04-12 09:37:33
757,rb2210,SHFE,0_0_     1619550,     2173055,空,开,4943.0,1,2022-04-12 09:37:34
758,rb2210,SHFE,0_0_     1619550,     2173087,空,开,4943.0,1,2022-04-12 09:37:34
759,rb2210,SHFE,0_0_     1618039,     2177254,空,平今,4944.0,2,2022-04-12 09:38:15
760,rb2210,SHFE,0_0_     1626241,     2179217,多,平今,4943.0,4,2022-04-12 09:38:33
761,rb2210,SHFE,0_0_     1621811,     2180413,多,平今,4941.0,1,2022-04-12 09:38:42
762,rb2210,SHFE,0_0_     1629308,     2183235,空,平今,4940.0,1,2022-04-12 09:38:59
763,rb2210,SHFE,0_0_     1631170,     2183381,多,开,4939.0,4,2022-04-12 09:39:00
764,rb2210,SHFE,0_0_     1632113,     2184472,多,平今,4941.0,1,2022-04-12 09:39:11
765,rb2210,SHFE,0_0_     1633447,     2185294,多,平今,4939.0,1,2022-04-12 09:39:20
766,rb2210,SHFE,0_0_     1633625,     2185555,空,平今,4940.0,2,2022-04-12 09:39:23
767,rb2210,SHFE,0_0_     1633625,     2185572,空,平今,4940.0,1,2022-04-12 09:39:23
768,rb2210,SHFE,0_0_     1634299,     2186143,多,开,4939.0,1,2022-04-12 09:39:29
769,rb2210,SHFE,0_0_     1635176,     2187071,空,开,4938.000000000001,2,2022-04-12 09:39:36
770,rb2210,SHFE,0_0_     1636471,     2188770,多,开,4937.0,4,2022-04-12 09:39:48
771,rb2210,SHFE,0_0_     1636818,     2189308,多,平今,4937.0,2,2022-04-12 09:39:52
772,rb2210,SHFE,0_0_     1637033,     2189694,空,平今,4938.0,1,2022-04-12 09:39:55
773,rb2210,SHFE,0_0_     1637033,     2189714,空,平今,4938.0,1,2022-04-12 09:39:55
774,rb2210,SHFE,0_0_     1634674,     2190525,空,平今,4939.0,1,2022-04-12 09:40:00
775,rb2210,SHFE,0_0_     1638365,     2190932,多,开,4939.0,2,2022-04-12 09:40:02
776,rb2210,SHFE,0_0_     1637549,     2194229,多,开,4937.0,2,2022-04-12 09:40:30
777,rb2210,SHFE,0_0_     1637549,     2194240,多,开,4937.0,1,2022-04-12 09:40:30
778,rb2210,SHFE,0_0_     1642300,     2201457,空,平今,4938.0,1,2022-04-12 09:41:22
779,rb2210,SHFE,0_0_     1642300,     2201459,空,平今,4938.0,2,2022-04-12 09:41:22
780,rb2210,SHFE,0_0_     1643011,     2202288,空,开,4938.0,3,2022-04-12 09:41:28
781,rb2210,SHFE,0_0_     1648998,     2202548,多,平今,4937.0,1,2022-04-12 09:41:31
782,rb2210,SHFE,0_0_     1648998,     2202838,多,平今,4937.0,2,2022-04-12 09:41:32
783,rb2210,SHFE,0_0_     1649366,     2203130,空,开,4938.0,1,2022-04-12 09:41:36
784,rb2210,SHFE,0_0_     1650719,     2204537,空,开,4937.0,1,2022-04-12 09:41:48
785,rb2210,SHFE,0_0_     1650749,     2206519,多,平今,4936.0,1,2022-04-12 09:42:03
786,rb2210,SHFE,0_0_     1652736,     2206600,多,开,4936.0,2,2022-04-12 09:42:04
787,rb2210,SHFE,0_0_     1652734,     2207007,空,开,4937.0,1,2022-04-12 09:42:05
788,rb2210,SHFE,0_0_     1652999,     2207547,多,平今,4936.0,2,2022-04-12 09:42:09
789,rb2210,SHFE,0_0_     1652896,     2207649,空,平今,4937.0,2,2022-04-12 09:42:10
790,rb2210,SHFE,0_0_     1654171,     2209607,空,开,4937.0,1,2022-04-12 09:42:26
791,rb2210,SHFE,0_0_     1654394,     2210157,空,开,4937.0,2,2022-04-12 09:42:28
792,rb2210,SHFE,0_0_     1655807,     2210161,多,平今,4936.0,2,2022-04-12 09:42:29
793,rb2210,SHFE,0_0_     1656345,     2210624,空,开,4936.0,1,2022-04-12 09:42:34
794,rb2210,SHFE,0_0_     1656517,     2211163,多,开,4935.0,3,2022-04-12 09:42:41
795,rb2210,SHFE,0_0_     1657070,     2211237,空,平今,4935.0,1,2022-04-12 09:42:41
796,rb2210,SHFE,0_0_     1657070,     2211280,空,平今,4935.0,2,2022-04-12 09:42:42
797,rb2210,SHFE,0_0_     1657288,     2211536,多,平今,4935.0,2,2022-04-12 09:42:43
798,rb2210,SHFE,0_0_     1657350,     2211558,空,开,4936.0,3,2022-04-12 09:42:43
799,rb2210,SHFE,0_0_     1657561,     2212351,多,平今,4935.0,3,2022-04-12 09:42:56
800,rb2210,SHFE,0_0_     1658894,     2212953,空,开,4936.0,2,2022-04-12 09:43:02
801,rb2210,SHFE,0_0_     1658934,     2212957,空,开,4936.0,1,2022-04-12 09:43:02
802,rb2210,SHFE,0_0_     1662674,     2216419,多,平今,4936.0,3,2022-04-12 09:43:34
803,rb2210,SHFE,0_0_     1664175,     2218696,空,开,4937.0,1,2022-04-12 09:44:03
804,rb2210,SHFE,0_0_     1664175,     2218734,空,开,4937.0,1,2022-04-12 09:44:03
805,rb2210,SHFE,0_0_     1665577,     2219066,空,开,4937.0,1,2022-04-12 09:44:07
806,rb2210,SHFE,0_0_     1640084,     2229695,空,平今,4940.0,5,2022-04-12 09:45:50
807,rb2210,SHFE,0_0_     1678224,     2230217,多,开,4939.0,1,2022-04-12 09:45:56
808,rb2210,SHFE,0_0_     1678224,     2230277,多,开,4939.0,2,2022-04-12 09:45:57
809,rb2210,SHFE,0_0_     1678224,     2230278,多,开,4939.0,1,2022-04-12 09:45:57
810,rb2210,SHFE,0_0_     1678224,     2230279,多,开,4939.0,1,2022-04-12 09:45:57
811,rb2210,SHFE,0_0_     1683388,     2236241,空,平今,4942.0,2,2022-04-12 09:46:30
812,rb2210,SHFE,0_0_     1627560,     2239352,空,开,4944.0,4,2022-04-12 09:46:56
813,rb2210,SHFE,0_0_     1627560,     2239353,空,开,4944.0,1,2022-04-12 09:46:56
814,rb2210,SHFE,0_0_     1692222,     2246290,多,平今,4944.0,2,2022-04-12 09:47:38
815,rb2210,SHFE,0_0_     1713862,     2271355,多,平今,4949.0,2,2022-04-12 09:50:53
816,rb2210,SHFE,0_0_     1702226,     2274310,多,平今,4947.0,1,2022-04-12 09:51:11
817,rb2210,SHFE,0_0_     1702226,     2274358,多,平今,4947.0,1,2022-04-12 09:51:11
818,rb2210,SHFE,0_0_     1720758,     2277651,多,平今,4949.0,2,2022-04-12 09:51:36
819,rb2210,SHFE,0_0_     1737042,     2293457,空,平今,4945.0,1,2022-04-12 09:53:52
820,rb2210,SHFE,0_0_     1739208,     2294988,空,平今,4944.0,2,2022-04-12 09:54:01
821,rb2210,SHFE,0_0_     1743195,     2301774,空,开,4941.0,3,2022-04-12 09:54:39
822,rb2210,SHFE,0_0_     1743740,     2301797,多,平今,4940.0,1,2022-04-12 09:54:39
823,rb2210,SHFE,0_0_     1743740,     2301798,多,平今,4940.0,1,2022-04-12 09:54:39
824,rb2210,SHFE,0_0_     1743740,     2301801,多,平今,4940.0,1,2022-04-12 09:54:39
825,rb2210,SHFE,0_0_     1743773,     2303691,空,开,4941.0,3,2022-04-12 09:54:55
826,rb2210,SHFE,0_0_     1761775,     2325317,空,开,4938.0,1,2022-04-12 09:57:36
827,rb2210,SHFE,0_0_     1763396,     2326682,空,开,4937.0,3,2022-04-12 09:57:47
828,rb2210,SHFE,0_0_     1791461,     2356097,多,平今,4936.0,1,2022-04-12 10:01:49
829,rb2210,SHFE,0_0_     1791510,     2356920,多,平今,4936.0,1,2022-04-12 10:01:54
830,rb2210,SHFE,0_0_     1797254,     2363856,多,平今,4943.0,2,2022-04-12 10:02:44
831,rb2210,SHFE,0_0_     1803577,     2369124,空,开,4940.0,2,2022-04-12 10:03:29
832,rb2210,SHFE,0_0_     1817447,     2386017,多,开,4942.0,1,2022-04-12 10:05:50
833,rb2210,SHFE,0_0_     1817447,     2386018,多,开,4942.0,7,2022-04-12 10:05:50
834,rb2210,SHFE,0_0_     1817778,     2386814,空,平今,4943.0,1,2022-04-12 10:05:58
835,rb2210,SHFE,0_0_     1817778,     2386902,空,平今,4943.0,1,2022-04-12 10:05:59
836,rb2210,SHFE,0_0_     1817778,     2386945,空,平今,4943.0,2,2022-04-12 10:05:59
837,rb2210,SHFE,0_0_     1818817,     2387042,多,平今,4942.0,4,2022-04-12 10:06:00
838,rb2210,SHFE,0_0_     1818834,     2387121,空,平今,4943.0,4,2022-04-12 10:06:00
839,rb2210,SHFE,0_0_     1818868,     2387227,多,开,4942.0,1,2022-04-12 10:06:00
840,rb2210,SHFE,0_0_     1818868,     2387284,多,开,4942.0,1,2022-04-12 10:06:01
841,rb2210,SHFE,0_0_     1818868,     2387288,多,开,4942.0,1,2022-04-12 10:06:01
842,rb2210,SHFE,0_0_     1818868,     2387306,多,开,4942.0,1,2022-04-12 10:06:01
843,rb2210,SHFE,0_0_     1819200,     2387469,空,平今,4943.0,3,2022-04-12 10:06:03
844,rb2210,SHFE,0_0_     1819473,     2390780,多,开,4942.0,3,2022-04-12 10:06:36
845,rb2210,SHFE,0_0_     1822570,     2390869,空,平今,4943.0,3,2022-04-12 10:06:37
846,rb2210,SHFE,0_0_     1821818,     2390956,空,开,4944.0,2,2022-04-12 10:06:38
847,rb2210,SHFE,0_0_     1832053,     2401733,多,平今,4940.0,1,2022-04-12 10:08:18
848,rb2210,SHFE,0_0_     1832148,     2402075,多,平今,4940.0,1,2022-04-12 10:08:22
849,rb2210,SHFE,0_0_     1832148,     2402111,多,平今,4940.0,1,2022-04-12 10:08:23
850,rb2210,SHFE,0_0_     1862775,     2437245,空,开,4947.0,3,2022-04-12 10:13:06
851,rb2210,SHFE,0_0_     1866253,     2439258,多,开,4947.0,4,2022-04-12 10:13:14
852,rb2210,SHFE,0_0_     1867452,     2439317,空,平今,4948.0,4,2022-04-12 10:13:15
853,rb2210,SHFE,0_0_     1867010,     2441751,空,平今,4949.0,1,2022-04-12 10:13:32
854,rb2210,SHFE,0_0_     1876670,     2460893,多,平今,4953.0,1,2022-04-12 10:30:17
855,rb2210,SHFE,0_0_     1876692,     2461395,空,开,4953.0,4,2022-04-12 10:30:18
856,rb2210,SHFE,0_0_     1876698,     2461410,多,平今,4952.0,3,2022-04-12 10:30:18
857,rb2210,SHFE,0_0_     1876698,     2461442,多,平今,4952.0,1,2022-04-12 10:30:18
858,rb2210,SHFE,0_0_     1876822,     2462862,空,开,4953.0,3,2022-04-12 10:30:24
859,rb2210,SHFE,0_0_     1876957,     2463534,空,开,4952.0,3,2022-04-12 10:30:29
860,rb2210,SHFE,0_0_     1876992,     2464254,多,平今,4951.0,2,2022-04-12 10:30:32
861,rb2210,SHFE,0_0_     1877420,     2467715,多,平今,4954.0,4,2022-04-12 10:30:49
862,rb2210,SHFE,0_0_     1877524,     2469107,多,开,4955.0,1,2022-04-12 10:30:52
863,rb2210,SHFE,0_0_     1877524,     2469111,多,开,4955.0,1,2022-04-12 10:30:52
864,rb2210,SHFE,0_0_     1877524,     2469143,多,开,4955.0,1,2022-04-12 10:30:52
865,rb2210,SHFE,0_0_     1877629,     2470214,多,开,4957.0,1,2022-04-12 10:30:55
866,rb2210,SHFE,0_0_     1877629,     2470236,多,开,4957.0,1,2022-04-12 10:30:55
867,rb2210,SHFE,0_0_     1877629,     2470248,多,开,4957.0,1,2022-04-12 10:30:55
868,rb2210,SHFE,0_0_     1877629,     2470258,多,开,4957.0,1,2022-04-12 10:30:55
869,rb2210,SHFE,0_0_     1877524,     2471227,多,开,4955.0,1,2022-04-12 10:30:59
870,rb2210,SHFE,0_0_     1877791,     2471472,空,平今,4956.0,4,2022-04-12 10:31:00
871,rb2210,SHFE,0_0_     1877822,     2471657,多,开,4956.0,4,2022-04-12 10:31:01
872,rb2210,SHFE,0_0_     1877828,     2471801,空,平今,4957.0,4,2022-04-12 10:31:01
873,rb2210,SHFE,0_0_     1877829,     2471908,多,开,4956.0,1,2022-04-12 10:31:01
874,rb2210,SHFE,0_0_     1877829,     2471911,多,开,4956.0,3,2022-04-12 10:31:01
875,rb2210,SHFE,0_0_     1877837,     2472293,空,平今,4957.0,4,2022-04-12 10:31:02
876,rb2210,SHFE,0_0_     1877860,     2473234,多,开,4956.0,4,2022-04-12 10:31:04
877,rb2210,SHFE,0_0_     1877956,     2473405,空,平今,4957.0,1,2022-04-12 10:31:05
878,rb2210,SHFE,0_0_     1877956,     2473413,空,平今,4957.0,1,2022-04-12 10:31:05
879,rb2210,SHFE,0_0_     1877956,     2473581,空,平今,4957.0,1,2022-04-12 10:31:05
880,rb2210,SHFE,0_0_     1877041,     2482543,多,平今,4951.0,2,2022-04-12 10:31:42
881,rb2210,SHFE,0_0_     1883841,     2495741,空,平今,4954.0,3,2022-04-12 10:32:56
882,rb2210,SHFE,0_0_     1877956,     2497385,空,平今,4957.0,1,2022-04-12 10:33:02
883,rb2210,SHFE,0_0_     1885850,     2500340,空,平今,4959.0,1,2022-04-12 10:33:16
884,rb2210,SHFE,0_0_     1886214,     2501068,空,开,4958.0,2,2022-04-12 10:33:20
885,rb2210,SHFE,0_0_     1890296,     2508124,多,平今,4961.0,1,2022-04-12 10:33:58
886,rb2210,SHFE,0_0_     1890296,     2508125,多,平今,4961.0,1,2022-04-12 10:33:58
887,rb2210,SHFE,0_0_     1890354,     2508962,空,开,4962.0,4,2022-04-12 10:34:02
888,rb2210,SHFE,0_0_     1893326,     2515080,多,平今,4960.0,1,2022-04-12 10:34:36
889,rb2210,SHFE,0_0_     1893326,     2515089,多,平今,4960.0,1,2022-04-12 10:34:36
890,rb2210,SHFE,0_0_     1894025,     2515944,空,开,4961.0,1,2022-04-12 10:34:40
891,rb2210,SHFE,0_0_     1894516,     2518113,多,平今,4960.0,1,2022-04-12 10:34:51
892,rb2210,SHFE,0_0_     1894516,     2518122,多,平今,4960.0,1,2022-04-12 10:34:51
893,rb2210,SHFE,0_0_     1894516,     2518126,多,平今,4960.0,1,2022-04-12 10:34:51
894,rb2210,SHFE,0_0_     1895558,     2519672,空,开,4961.0,1,2022-04-12 10:34:57
895,rb2210,SHFE,0_0_     1895832,     2519939,空,开,4961.0,7,2022-04-12 10:34:59
896,rb2210,SHFE,0_0_     1896905,     2521183,多,平今,4961.0,4,2022-04-12 10:35:04
897,rb2210,SHFE,0_0_     1896229,     2524423,多,平今,4960.0,2,2022-04-12 10:35:18
898,rb2210,SHFE,0_0_     1896229,     2524501,多,平今,4960.0,2,2022-04-12 10:35:18
899,rb2210,SHFE,0_0_     1898707,     2524816,空,开,4961.0,2,2022-04-12 10:35:19
900,rb2210,SHFE,0_0_     1899510,     2525916,空,开,4961.0,2,2022-04-12 10:35:26
901,rb2210,SHFE,0_0_     1899807,     2526645,多,开,4961.0,2,2022-04-12 10:35:31
902,rb2210,SHFE,0_0_     1900485,     2527883,多,平今,4962.0,1,2022-04-12 10:35:38
903,rb2210,SHFE,0_0_     1901893,     2529718,多,开,4962.0,1,2022-04-12 10:35:47
904,rb2210,SHFE,0_0_     1884661,     2540632,多,开,4956.0,1,2022-04-12 10:36:49
905,rb2210,SHFE,0_0_     1911393,     2541017,空,平今,4957.0,1,2022-04-12 10:36:51
906,rb2210,SHFE,0_0_     1915554,     2545308,空,平今,4956.0,1,2022-04-12 10:37:20
907,rb2210,SHFE,0_0_     1915554,     2545320,空,平今,4956.0,1,2022-04-12 10:37:20
908,rb2210,SHFE,0_0_     1915554,     2545356,空,平今,4956.0,1,2022-04-12 10:37:20
909,rb2210,SHFE,0_0_     1916046,     2545890,多,平今,4956.0,1,2022-04-12 10:37:24
910,rb2210,SHFE,0_0_     1916098,     2545919,多,开,4956.0,1,2022-04-12 10:37:24
911,rb2210,SHFE,0_0_     1916098,     2545922,多,开,4956.0,2,2022-04-12 10:37:24
912,rb2210,SHFE,0_0_     1916098,     2545943,多,开,4956.0,1,2022-04-12 10:37:24
913,rb2210,SHFE,0_0_     1926991,     2565424,多,平今,4959.0,1,2022-04-12 10:38:58
914,rb2210,SHFE,0_0_     1928507,     2571134,空,平今,4959.0,1,2022-04-12 10:39:28
915,rb2210,SHFE,0_0_     1941879,     2587721,空,平今,4956.0,3,2022-04-12 10:40:57
916,rb2210,SHFE,0_0_     1952600,     2600075,多,开,4960.0,2,2022-04-12 10:42:12
917,rb2210,SHFE,0_0_     1952657,     2600170,多,开,4960.0,3,2022-04-12 10:42:12
918,rb2210,SHFE,0_0_     1952716,     2601500,空,平今,4961.000000000001,1,2022-04-12 10:42:19
919,rb2210,SHFE,0_0_     1952716,     2601501,空,平今,4961.000000000001,1,2022-04-12 10:42:19
920,rb2210,SHFE,0_0_     1952716,     2601502,空,平今,4961.000000000001,1,2022-04-12 10:42:19
921,rb2210,SHFE,0_0_     1953717,     2601933,多,开,4961.0,3,2022-04-12 10:42:21
922,rb2210,SHFE,0_0_     1954056,     2602480,多,平今,4962.0,1,2022-04-12 10:42:26
923,rb2210,SHFE,0_0_     1901702,     2602503,空,开,4963.0,5,2022-04-12 10:42:27
924,rb2210,SHFE,0_0_     1954196,     2602552,多,平今,4962.0,3,2022-04-12 10:42:27
925,rb2210,SHFE,0_0_     1955036,     2603859,空,平今,4960.0,3,2022-04-12 10:42:37
926,rb2210,SHFE,0_0_     1958775,     2608343,多,开,4960.0,1,2022-04-12 10:43:10
927,rb2210,SHFE,0_0_     1958775,     2608384,多,开,4960.0,1,2022-04-12 10:43:11
928,rb2210,SHFE,0_0_     1958775,     2608727,多,开,4960.0,1,2022-04-12 10:43:11
929,rb2210,SHFE,0_0_     1958775,     2608729,多,开,4960.0,1,2022-04-12 10:43:11
930,rb2210,SHFE,0_0_     1959811,     2609245,空,平今,4961.0,1,2022-04-12 10:43:17
931,rb2210,SHFE,0_0_     1960541,     2609653,空,平今,4961.0,1,2022-04-12 10:43:20
932,rb2210,SHFE,0_0_     1954548,     2609859,空,平今,4962.0,1,2022-04-12 10:43:21
933,rb2210,SHFE,0_0_     1960797,     2610253,多,开,4961.0,2,2022-04-12 10:43:24
934,rb2210,SHFE,0_0_     1960797,     2610264,多,开,4961.0,2,2022-04-12 10:43:25
935,rb2210,SHFE,0_0_     1961482,     2611110,空,平今,4963.0,3,2022-04-12 10:43:31
936,rb2210,SHFE,0_0_     1961629,     2611170,多,开,4962.0,3,2022-04-12 10:43:31
937,rb2210,SHFE,0_0_     1961073,     2612539,多,平今,4961.0,1,2022-04-12 10:43:44
938,rb2210,SHFE,0_0_     1961073,     2612550,多,平今,4961.0,1,2022-04-12 10:43:45
939,rb2210,SHFE,0_0_     1962850,     2612754,空,平今,4962.0,1,2022-04-12 10:43:46
940,rb2210,SHFE,0_0_     1961638,     2612908,空,平今,4963.0,1,2022-04-12 10:43:47
941,rb2210,SHFE,0_0_     1961638,     2612971,空,平今,4963.0,2,2022-04-12 10:43:47
942,rb2210,SHFE,0_0_     1963101,     2613265,多,开,4962.0,3,2022-04-12 10:43:49
943,rb2210,SHFE,0_0_     1963181,     2613311,多,开,4962.0,1,2022-04-12 10:43:49
944,rb2210,SHFE,0_0_     1963619,     2613924,空,平今,4962.0,1,2022-04-12 10:43:53
945,rb2210,SHFE,0_0_     1964451,     2615064,空,平今,4962.0,2,2022-04-12 10:44:02
946,rb2210,SHFE,0_0_     1964059,     2615547,多,开,4961.0,1,2022-04-12 10:44:06
947,rb2210,SHFE,0_0_     1964995,     2616168,空,平今,4962.0,4,2022-04-12 10:44:10
948,rb2210,SHFE,0_0_     1965617,     2616800,多,开,4962.0,1,2022-04-12 10:44:13
949,rb2210,SHFE,0_0_     1966005,     2616871,多,开,4962.0,4,2022-04-12 10:44:13
950,rb2210,SHFE,0_0_     1970722,     2623068,多,开,4966.0,1,2022-04-12 10:44:52
951,rb2210,SHFE,0_0_     1972895,     2628110,空,开,4965.0,6,2022-04-12 10:45:07
952,rb2210,SHFE,0_0_     1972895,     2628111,空,开,4965.0,2,2022-04-12 10:45:07
953,rb2210,SHFE,0_0_     1979068,     2636173,空,平今,4959.0,1,2022-04-12 10:45:39
954,rb2210,SHFE,0_0_     1981755,     2638801,空,平今,4959.0,3,2022-04-12 10:45:59
955,rb2210,SHFE,0_0_     1983247,     2640293,空,平今,4959.0,1,2022-04-12 10:46:06
956,rb2210,SHFE,0_0_     1983636,     2641183,多,平今,4958.0,1,2022-04-12 10:46:10
957,rb2210,SHFE,0_0_     1994921,     2652045,空,平今,4955.0,1,2022-04-12 10:47:29
958,rb2210,SHFE,0_0_     1995520,     2652636,多,开,4955.0,1,2022-04-12 10:47:36
959,rb2210,SHFE,0_0_     1995520,     2652766,多,开,4955.0,1,2022-04-12 10:47:37
960,rb2210,SHFE,0_0_     1995520,     2652928,多,开,4955.0,2,2022-04-12 10:47:39
961,rb2210,SHFE,0_0_     1996775,     2653582,多,平今,4955.0,1,2022-04-12 10:47:47
962,rb2210,SHFE,0_0_     1997342,     2653807,多,平今,4955.0,1,2022-04-12 10:47:50
963,rb2210,SHFE,0_0_     1984154,     2657200,空,平今,4959.0,1,2022-04-12 10:48:23
964,rb2210,SHFE,0_0_     2001280,     2657350,多,平今,4958.0,1,2022-04-12 10:48:26
965,rb2210,SHFE,0_0_     2032817,     2688781,空,平今,4965.0,1,2022-04-12 10:52:57
966,rb2210,SHFE,0_0_     2036596,     2695220,空,平今,4964.0,1,2022-04-12 10:53:57
967,rb2210,SHFE,0_0_     2036596,     2695235,空,平今,4964.0,1,2022-04-12 10:53:57
968,rb2210,SHFE,0_0_     2036596,     2695245,空,平今,4964.0,1,2022-04-12 10:53:57
969,rb2210,SHFE,0_0_     2039303,     2695307,多,平今,4963.0,2,2022-04-12 10:53:58
970,rb2210,SHFE,0_0_     2039361,     2695358,空,开,4964.0,2,2022-04-12 10:53:58
971,rb2210,SHFE,0_0_     2039431,     2695962,多,平今,4963.0,2,2022-04-12 10:54:04
972,rb2210,SHFE,0_0_     2051530,     2707821,多,开,4967.0,4,2022-04-12 10:55:37
973,rb2210,SHFE,0_0_     2051828,     2708091,空,平今,4967.0,2,2022-04-12 10:55:39
974,rb2210,SHFE,0_0_     2051828,     2708092,空,平今,4967.0,2,2022-04-12 10:55:39
975,rb2210,SHFE,0_0_     2048601,     2708408,多,平今,4965.0,1,2022-04-12 10:55:41
976,rb2210,SHFE,0_0_     2048601,     2708411,多,平今,4965.0,1,2022-04-12 10:55:41
977,rb2210,SHFE,0_0_     2052846,     2709957,空,开,4965.0,3,2022-04-12 10:55:47
978,rb2210,SHFE,0_0_     2057746,     2716494,空,开,4962.0,1,2022-04-12 10:56:46
979,rb2210,SHFE,0_0_     2066220,     2722848,多,开,4962.0,4,2022-04-12 10:58:00
980,rb2210,SHFE,0_0_     2059086,     2723025,多,平今,4961.0,1,2022-04-12 10:58:02
981,rb2210,SHFE,0_0_     2067204,     2723071,空,平今,4962.0,1,2022-04-12 10:58:03
982,rb2210,SHFE,0_0_     2067209,     2723084,空,平今,4962.0,2,2022-04-12 10:58:03
983,rb2210,SHFE,0_0_     2067259,     2723136,空,开,4962.0,2,2022-04-12 10:58:04
984,rb2210,SHFE,0_0_     2067301,     2723373,多,平今,4961.0,2,2022-04-12 10:58:05
985,rb2210,SHFE,0_0_     2068165,     2724211,多,开,4961.0,1,2022-04-12 10:58:10
986,rb2210,SHFE,0_0_     2068165,     2724214,多,开,4961.0,3,2022-04-12 10:58:10
987,rb2210,SHFE,0_0_     2068183,     2724497,空,平今,4962.0,4,2022-04-12 10:58:13
988,rb2210,SHFE,0_0_     2068434,     2724564,多,开,4961.0,4,2022-04-12 10:58:14
989,rb2210,SHFE,0_0_     2068488,     2724813,空,平今,4962.0,5,2022-04-12 10:58:17
990,rb2210,SHFE,0_0_     2077407,     2736072,多,开,4967.0,4,2022-04-12 10:59:45
991,rb2210,SHFE,0_0_     2079763,     2737030,多,开,4968.0,2,2022-04-12 10:59:55
992,rb2210,SHFE,0_0_     2079763,     2737168,多,开,4968.0,1,2022-04-12 10:59:56
993,rb2210,SHFE,0_0_     2079763,     2737209,多,开,4968.0,1,2022-04-12 10:59:56
994,rb2210,SHFE,0_0_     2082233,     2743918,空,平今,4967.0,2,2022-04-12 11:00:17
995,rb2210,SHFE,0_0_     2082233,     2743953,空,平今,4967.0,6,2022-04-12 11:00:18
996,rb2210,SHFE,0_0_     2091306,     2754555,空,开,4970.0,1,2022-04-12 11:01:27
997,rb2210,SHFE,0_0_     2101629,     2767318,多,开,4974.0,4,2022-04-12 11:03:00
998,rb2210,SHFE,0_0_     2102259,     2767564,空,平今,4975.0,4,2022-04-12 11:03:01
999,rb2210,SHFE,0_0_     2102440,     2767647,多,平今,4975.0,1,2022-04-12 11:03:02
1000,rb2210,SHFE,0_0_     2104237,     2769854,多,开,4973.0,6,2022-04-12 11:03:19
1001,rb2210,SHFE,0_0_     2106441,     2772348,空,平今,4974.0,1,2022-04-12 11:03:43
1002,rb2210,SHFE,0_0_     2106489,     2772397,多,平今,4974.0,1,2022-04-12 11:03:44
1003,rb2210,SHFE,0_0_     2107445,     2773198,空,平今,4973.0,1,2022-04-12 11:03:52
1004,rb2210,SHFE,0_0_     2107707,     2773622,空,平今,4973.0,1,2022-04-12 11:03:57
1005,rb2210,SHFE,0_0_     2111451,     2776676,空,平今,4974.0,3,2022-04-12 11:04:20
1006,rb2210,SHFE,0_0_     2112209,     2777929,多,平今,4973.0,1,2022-04-12 11:04:31
1007,rb2210,SHFE,0_0_     2112845,     2779572,多,平今,4973.0,1,2022-04-12 11:04:49
1008,rb2210,SHFE,0_0_     2114318,     2779580,空,开,4974.0,1,2022-04-12 11:04:49
1009,rb2210,SHFE,0_0_     2114569,     2780100,多,开,4975.0,1,2022-04-12 11:04:53
1010,rb2210,SHFE,0_0_     2114569,     2780104,多,开,4975.0,6,2022-04-12 11:04:53
1011,rb2210,SHFE,0_0_     2116188,     2781648,空,平今,4973.0,1,2022-04-12 11:05:06
1012,rb2210,SHFE,0_0_     2116526,     2782308,空,平今,4973.0,2,2022-04-12 11:05:11
1013,rb2210,SHFE,0_0_     2102444,     2787255,空,开,4976.0,1,2022-04-12 11:05:47
1014,rb2210,SHFE,0_0_     2120712,     2787655,多,平今,4976.0,2,2022-04-12 11:05:50
1015,rb2210,SHFE,0_0_     2120734,     2787867,空,平今,4977.000000000001,2,2022-04-12 11:05:51
1016,rb2210,SHFE,0_0_     2120777,     2790332,多,开,4976.0,3,2022-04-12 11:06:05
1017,rb2210,SHFE,0_0_     2123048,     2791102,空,开,4976.0,1,2022-04-12 11:06:10
1018,rb2210,SHFE,0_0_     2123048,     2791120,空,开,4976.0,1,2022-04-12 11:06:10
1019,rb2210,SHFE,0_0_     2123048,     2791165,空,开,4976.0,2,2022-04-12 11:06:11
1020,rb2210,SHFE,0_0_     2123710,     2791724,多,平今,4975.0,4,2022-04-12 11:06:15
1021,rb2210,SHFE,0_0_     2124466,     2792503,空,平今,4975.0,3,2022-04-12 11:06:19
1022,rb2210,SHFE,0_0_     2125121,     2792752,空,开,4975.0,2,2022-04-12 11:06:20
1023,rb2210,SHFE,0_0_     2125435,     2792838,空,开,4975.0,1,2022-04-12 11:06:21
1024,rb2210,SHFE,0_0_     2125435,     2792850,空,开,4975.0,1,2022-04-12 11:06:21
1025,rb2210,SHFE,0_0_     2125435,     2792852,空,开,4975.0,1,2022-04-12 11:06:21
1026,rb2210,SHFE,0_0_     2125670,     2793480,空,开,4975.0,1,2022-04-12 11:06:27
1027,rb2210,SHFE,0_0_     2130416,     2801358,多,平今,4971.0,1,2022-04-12 11:07:21
1028,rb2210,SHFE,0_0_     2133973,     2801845,多,平今,4972.0,1,2022-04-12 11:07:24
1029,rb2210,SHFE,0_0_     2133973,     2801846,多,平今,4972.0,1,2022-04-12 11:07:24
1030,rb2210,SHFE,0_0_     2133973,     2801847,多,平今,4972.0,3,2022-04-12 11:07:24
1031,rb2210,SHFE,0_0_     2136444,     2804976,空,开,4974.000000000001,3,2022-04-12 11:07:50
1032,rb2210,SHFE,0_0_     2138030,     2806420,空,开,4974.0,1,2022-04-12 11:08:01
1033,rb2210,SHFE,0_0_     2138030,     2806427,空,开,4974.0,1,2022-04-12 11:08:01
1034,rb2210,SHFE,0_0_     2138030,     2806444,空,开,4974.0,1,2022-04-12 11:08:01
1035,rb2210,SHFE,0_0_     2138030,     2806798,空,开,4974.0,2,2022-04-12 11:08:04
1036,rb2210,SHFE,0_0_     2138785,     2806908,多,平今,4973.0,1,2022-04-12 11:08:05
1037,rb2210,SHFE,0_0_     2138785,     2806941,多,平今,4973.0,1,2022-04-12 11:08:06
1038,rb2210,SHFE,0_0_     2138785,     2806946,多,平今,4973.0,1,2022-04-12 11:08:06
1039,rb2210,SHFE,0_0_     2138785,     2807021,多,平今,4973.0,1,2022-04-12 11:08:06
1040,rb2210,SHFE,0_0_     2139238,     2807622,多,平今,4973.0,1,2022-04-12 11:08:12
1041,rb2210,SHFE,0_0_     2141703,     2809954,多,平今,4975.0,1,2022-04-12 11:08:37
1042,rb2210,SHFE,0_0_     2141703,     2809955,多,平今,4975.0,1,2022-04-12 11:08:37
1043,rb2210,SHFE,0_0_     2143303,     2811912,多,开,4974.0,2,2022-04-12 11:08:54
1044,rb2210,SHFE,0_0_     2143561,     2812530,空,开,4975.0,4,2022-04-12 11:09:01
1045,rb2210,SHFE,0_0_     2143785,     2813411,多,平今,4974.0,1,2022-04-12 11:09:10
1046,rb2210,SHFE,0_0_     2143785,     2813425,多,平今,4974.0,1,2022-04-12 11:09:10
1047,rb2210,SHFE,0_0_     2143785,     2813437,多,平今,4974.0,2,2022-04-12 11:09:10
1048,rb2210,SHFE,0_0_     2144509,     2814283,空,平今,4975.0,2,2022-04-12 11:09:21
1049,rb2210,SHFE,0_0_     2145467,     2814967,多,平今,4974.0,1,2022-04-12 11:09:28
1050,rb2210,SHFE,0_0_     2146030,     2815061,空,开,4975.0,1,2022-04-12 11:09:29
1051,rb2210,SHFE,0_0_     2146058,     2815062,空,开,4975.0,1,2022-04-12 11:09:29
1052,rb2210,SHFE,0_0_     2146058,     2815103,空,开,4975.0,3,2022-04-12 11:09:29
1053,rb2210,SHFE,0_0_     2146300,     2816905,多,平今,4974.0,1,2022-04-12 11:09:46
1054,rb2210,SHFE,0_0_     2149939,     2818662,多,平今,4974.0,1,2022-04-12 11:10:03
1055,rb2210,SHFE,0_0_     2149939,     2818670,多,平今,4974.0,1,2022-04-12 11:10:03
1056,rb2210,SHFE,0_0_     2151027,     2819871,多,平今,4975.0,1,2022-04-12 11:10:11
1057,rb2210,SHFE,0_0_     2151116,     2819892,空,开,4975.0,1,2022-04-12 11:10:12
1058,rb2210,SHFE,0_0_     2151347,     2820128,空,开,4975.0,4,2022-04-12 11:10:14
1059,rb2210,SHFE,0_0_     2154337,     2824198,空,开,4970.0,1,2022-04-12 11:10:43
1060,rb2210,SHFE,0_0_     2160046,     2831995,多,平今,4972.0,2,2022-04-12 11:11:59
1061,rb2210,SHFE,0_0_     2164237,     2832545,空,开,4973.0,2,2022-04-12 11:12:05
1062,rb2210,SHFE,0_0_     2169328,     2837964,空,开,4973.0,1,2022-04-12 11:13:00
1063,rb2210,SHFE,0_0_     2121999,     2840544,空,平今,4978.0,1,2022-04-12 11:13:12
1064,rb2210,SHFE,0_0_     2174827,     2841234,多,平今,4977.0,1,2022-04-12 11:13:17
1065,rb2210,SHFE,0_0_     2175091,     2841858,多,开,4977.0,1,2022-04-12 11:13:20
1066,rb2210,SHFE,0_0_     2175091,     2841859,多,开,4977.0,1,2022-04-12 11:13:20
1067,rb2210,SHFE,0_0_     2175091,     2841869,多,开,4977.0,1,2022-04-12 11:13:20
1068,rb2210,SHFE,0_0_     2173126,     2844704,多,平今,4975.0,4,2022-04-12 11:13:40
1069,rb2210,SHFE,0_0_     2177616,     2845415,空,平今,4976.0,2,2022-04-12 11:13:49
1070,rb2210,SHFE,0_0_     2177616,     2845446,空,平今,4976.0,1,2022-04-12 11:13:49
1071,rb2210,SHFE,0_0_     2177616,     2845463,空,平今,4976.0,1,2022-04-12 11:13:49
1072,rb2210,SHFE,0_0_     2181950,     2848679,空,开,4976.0,5,2022-04-12 11:14:21
1073,rb2210,SHFE,0_0_     2182389,     2849566,多,开,4978.0,4,2022-04-12 11:14:27
1074,rb2210,SHFE,0_0_     2182331,     2849683,多,开,4977.0,4,2022-04-12 11:14:27
1075,rb2210,SHFE,0_0_     2184913,     2853270,多,平今,4981.0,1,2022-04-12 11:14:47
1076,rb2210,SHFE,0_0_     2182859,     2857524,多,平今,4977.0,3,2022-04-12 11:15:14
1077,rb2210,SHFE,0_0_     2191273,     2862258,空,平今,4983.0,4,2022-04-12 11:15:43
1078,rb2210,SHFE,0_0_     2192456,     2864353,空,平今,4984.0,2,2022-04-12 11:15:51
1079,rb2210,SHFE,0_0_     2192703,     2864397,多,开,4983.0,2,2022-04-12 11:15:51
1080,rb2210,SHFE,0_0_     2191660,     2864615,多,平今,4982.0,4,2022-04-12 11:15:54
1081,rb2210,SHFE,0_0_     2193097,     2864724,空,开,4983.0,8,2022-04-12 11:15:54
1082,rb2210,SHFE,0_0_     2192746,     2864804,空,平今,4984.0,2,2022-04-12 11:15:55
1083,rb2210,SHFE,0_0_     2193198,     2864886,多,平今,4983.0,1,2022-04-12 11:15:56
1084,rb2210,SHFE,0_0_     2193198,     2864902,多,平今,4983.0,1,2022-04-12 11:15:56
1085,rb2210,SHFE,0_0_     2194888,     2866932,多,平今,4980.0,3,2022-04-12 11:16:11
1086,rb2210,SHFE,0_0_     2198975,     2870644,空,开,4977.0,4,2022-04-12 11:16:42
1087,rb2210,SHFE,0_0_     2199453,     2871303,多,平今,4978.0,1,2022-04-12 11:16:49
1088,rb2210,SHFE,0_0_     2201184,     2872931,多,平今,4976.0,1,2022-04-12 11:17:05
1089,rb2210,SHFE,0_0_     2202580,     2874278,空,开,4975.0,3,2022-04-12 11:17:13
1090,rb2210,SHFE,0_0_     2204390,     2876208,空,平今,4973.0,1,2022-04-12 11:17:28
1091,rb2210,SHFE,0_0_     2204419,     2877611,空,平今,4974.000000000001,1,2022-04-12 11:17:44
1092,rb2210,SHFE,0_0_     2208376,     2879548,多,开,4978.0,4,2022-04-12 11:18:02
1093,rb2210,SHFE,0_0_     2208369,     2880897,多,开,4977.0,1,2022-04-12 11:18:09
1094,rb2210,SHFE,0_0_     2210137,     2882143,空,平今,4976.0,4,2022-04-12 11:18:16
1095,rb2210,SHFE,0_0_     2210897,     2882241,多,开,4975.0,1,2022-04-12 11:18:17
1096,rb2210,SHFE,0_0_     2210897,     2882265,多,开,4975.0,2,2022-04-12 11:18:18
1097,rb2210,SHFE,0_0_     2210897,     2882269,多,开,4975.0,1,2022-04-12 11:18:18
1098,rb2210,SHFE,0_0_     2206942,     2882770,多,开,4973.0,1,2022-04-12 11:18:23
1099,rb2210,SHFE,0_0_     2206942,     2882771,多,开,4973.0,1,2022-04-12 11:18:23
1100,rb2210,SHFE,0_0_     2206942,     2882772,多,开,4973.0,1,2022-04-12 11:18:23
1101,rb2210,SHFE,0_0_     2213099,     2884670,空,平今,4973.0,2,2022-04-12 11:18:39
1102,rb2210,SHFE,0_0_     2206085,     2884684,多,平今,4972.0,6,2022-04-12 11:18:39
1103,rb2210,SHFE,0_0_     2206085,     2884690,多,平今,4972.0,2,2022-04-12 11:18:39
1104,rb2210,SHFE,0_0_     2213975,     2886629,空,开,4973.0,4,2022-04-12 11:18:55
1105,rb2210,SHFE,0_0_     2214061,     2886634,空,平今,4973.0,3,2022-04-12 11:18:55
1106,rb2210,SHFE,0_0_     2216164,     2886797,多,平今,4972.0,1,2022-04-12 11:18:57
1107,rb2210,SHFE,0_0_     2217691,     2887627,多,平今,4973.0,2,2022-04-12 11:19:05
1108,rb2210,SHFE,0_0_     2224356,     2893652,空,开,4973.000000000001,3,2022-04-12 11:20:01
1109,rb2210,SHFE,0_0_     2226455,     2895252,多,平今,4973.0,4,2022-04-12 11:20:18
1110,rb2210,SHFE,0_0_     2239770,     2905795,空,开,4972.0,1,2022-04-12 11:22:19
1111,rb2210,SHFE,0_0_     2239877,     2905842,多,平今,4971.0,1,2022-04-12 11:22:19
1112,rb2210,SHFE,0_0_     2239994,     2906212,空,开,4972.0,1,2022-04-12 11:22:23
1113,rb2210,SHFE,0_0_     2242981,     2909020,空,开,4970.0,5,2022-04-12 11:22:49
1114,rb2210,SHFE,0_0_     2244104,     2909855,多,平今,4970.0,2,2022-04-12 11:22:56
1115,rb2210,SHFE,0_0_     2244839,     2910377,空,开,4970.0,1,2022-04-12 11:23:01
1116,rb2210,SHFE,0_0_     2244839,     2910415,空,开,4970.0,1,2022-04-12 11:23:01
1117,rb2210,SHFE,0_0_     2244839,     2910417,空,开,4970.0,2,2022-04-12 11:23:01
1118,rb2210,SHFE,0_0_     2245294,     2910836,多,平今,4969.0,3,2022-04-12 11:23:03
1119,rb2210,SHFE,0_0_     2245611,     2910898,空,开,4970.0,1,2022-04-12 11:23:03
1120,rb2210,SHFE,0_0_     2245611,     2910899,空,开,4970.0,2,2022-04-12 11:23:03
1121,rb2210,SHFE,0_0_     2246171,     2911513,多,平今,4970.0,2,2022-04-12 11:23:09
1122,rb2210,SHFE,0_0_     2246171,     2911518,多,平今,4970.0,1,2022-04-12 11:23:09
1123,rb2210,SHFE,0_0_     2245623,     2911777,多,平今,4969.0,2,2022-04-12 11:23:12
1124,rb2210,SHFE,0_0_     2245623,     2911795,多,平今,4969.0,1,2022-04-12 11:23:12
1125,rb2210,SHFE,0_0_     2251066,     2919030,空,平今,4960.0,1,2022-04-12 11:23:45
1126,rb2210,SHFE,0_0_     2251124,     2919456,多,平今,4960.0,1,2022-04-12 11:23:47
1127,rb2210,SHFE,0_0_     2251569,     2919720,空,平今,4961.0,1,2022-04-12 11:23:49
1128,rb2210,SHFE,0_0_     2252200,     2920772,空,平今,4960.0,1,2022-04-12 11:23:55
1129,rb2210,SHFE,0_0_     2255537,     2924330,空,开,4965.0,1,2022-04-12 11:24:14
1130,rb2210,SHFE,0_0_     2261805,     2932060,空,开,4967.0,2,2022-04-12 11:25:00
1131,rb2210,SHFE,0_0_     2261805,     2932063,空,开,4967.0,1,2022-04-12 11:25:00
1132,rb2210,SHFE,0_0_     2267572,     2938885,空,开,4962.0,2,2022-04-12 11:25:51
1133,rb2210,SHFE,0_0_     2267928,     2939013,多,平今,4961.0,2,2022-04-12 11:25:52
1134,rb2210,SHFE,0_0_     2268478,     2939586,多,开,4963.0,4,2022-04-12 11:25:59
1135,rb2210,SHFE,0_0_     2268136,     2944190,多,平今,4961.000000000001,4,2022-04-12 11:26:28
1136,rb2210,SHFE,0_0_     2271492,     2944817,空,平今,4961.0,4,2022-04-12 11:26:31
1137,rb2210,SHFE,0_0_     2272195,     2945120,空,开,4960.0,2,2022-04-12 11:26:33
1138,rb2210,SHFE,0_0_     2272195,     2945134,空,开,4960.0,1,2022-04-12 11:26:33
1139,rb2210,SHFE,0_0_     2273249,     2946130,多,开,4959.0,5,2022-04-12 11:26:39
1140,rb2210,SHFE,0_0_     2273249,     2946131,多,开,4959.0,3,2022-04-12 11:26:39
1141,rb2210,SHFE,0_0_     2273578,     2946668,空,平今,4959.0,4,2022-04-12 11:26:41
1142,rb2210,SHFE,0_0_     2273949,     2949800,空,开,4958.0,1,2022-04-12 11:27:00
1143,rb2210,SHFE,0_0_     2273855,     2950574,空,平今,4959.0,4,2022-04-12 11:27:03
1144,rb2210,SHFE,0_0_     2276226,     2951604,多,平今,4959.0,4,2022-04-12 11:27:10
1145,rb2210,SHFE,0_0_     2271895,     2953961,空,开,4961.0,3,2022-04-12 11:27:27
1146,rb2210,SHFE,0_0_     2278483,     2954120,多,平今,4960.0,2,2022-04-12 11:27:30
1147,rb2210,SHFE,0_0_     2279180,     2954836,多,平今,4960.0,1,2022-04-12 11:27:38
1148,rb2210,SHFE,0_0_     2279520,     2955064,多,开,4960.0,3,2022-04-12 11:27:41
1149,rb2210,SHFE,0_0_     2279836,     2955310,空,平今,4961.0,1,2022-04-12 11:27:43
1150,rb2210,SHFE,0_0_     2279836,     2955328,空,平今,4961.0,1,2022-04-12 11:27:44
1151,rb2210,SHFE,0_0_     2280371,     2955971,多,开,4960.0,3,2022-04-12 11:27:51
1152,rb2210,SHFE,0_0_     2283608,     2958266,空,开,4960.0,4,2022-04-12 11:28:15
1153,rb2210,SHFE,0_0_     2293230,     2985498,多,平今,4986.0,1,2022-04-12 13:30:13
1154,rb2210,SHFE,0_0_     2293630,     2991203,多,平今,4991.0,1,2022-04-12 13:30:24
1155,rb2210,SHFE,0_0_     2293784,     2992280,空,开,4992.0,5,2022-04-12 13:30:26
1156,rb2210,SHFE,0_0_     2293877,     2992710,多,平今,4992.0,4,2022-04-12 13:30:27
1157,rb2210,SHFE,0_0_     2293919,     2993468,多,开,4992.0,2,2022-04-12 13:30:29
1158,rb2210,SHFE,0_0_     2293919,     2993471,多,开,4992.0,1,2022-04-12 13:30:29
1159,rb2210,SHFE,0_0_     2293919,     2993475,多,开,4992.0,1,2022-04-12 13:30:29
1160,rb2210,SHFE,0_0_     2294177,     2997299,空,平今,4991.0,1,2022-04-12 13:30:38
1161,rb2210,SHFE,0_0_     2294189,     2998611,多,平今,4990.0,2,2022-04-12 13:30:42
1162,rb2210,SHFE,0_0_     2294312,     2999261,空,开,4990.0,2,2022-04-12 13:30:43
1163,rb2210,SHFE,0_0_     2294312,     2999266,空,开,4990.0,2,2022-04-12 13:30:43
1164,rb2210,SHFE,0_0_     2294379,     2999526,空,平今,4989.0,3,2022-04-12 13:30:44
1165,rb2210,SHFE,0_0_     2294452,     3000623,多,平今,4989.0,4,2022-04-12 13:30:48
1166,rb2210,SHFE,0_0_     2294515,     3004273,空,开,4990.0,2,2022-04-12 13:31:01
1167,rb2210,SHFE,0_0_     2294515,     3004323,空,开,4990.0,1,2022-04-12 13:31:01
1168,rb2210,SHFE,0_0_     2294515,     3004324,空,开,4990.0,1,2022-04-12 13:31:01
1169,rb2210,SHFE,0_0_     2294891,     3004656,多,平今,4989.0,4,2022-04-12 13:31:02
1170,rb2210,SHFE,0_0_     2293935,     3008654,空,平今,4993.0,4,2022-04-12 13:31:14
1171,rb2210,SHFE,0_0_     2295307,     3008981,多,开,4992.0,1,2022-04-12 13:31:14
1172,rb2210,SHFE,0_0_     2295307,     3008982,多,开,4992.0,1,2022-04-12 13:31:14
1173,rb2210,SHFE,0_0_     2295307,     3008983,多,开,4992.0,1,2022-04-12 13:31:14
1174,rb2210,SHFE,0_0_     2295307,     3008991,多,开,4992.0,1,2022-04-12 13:31:14
1175,rb2210,SHFE,0_0_     2295573,     3010763,空,平今,4994.0,4,2022-04-12 13:31:18
1176,rb2210,SHFE,0_0_     2295582,     3011311,多,开,4993.0,3,2022-04-12 13:31:19
1177,rb2210,SHFE,0_0_     2295660,     3011900,空,开,4993.0,2,2022-04-12 13:31:21
1178,rb2210,SHFE,0_0_     2295660,     3011902,空,开,4993.0,1,2022-04-12 13:31:21
1179,rb2210,SHFE,0_0_     2295660,     3011903,空,开,4993.0,1,2022-04-12 13:31:21
1180,rb2210,SHFE,0_0_     2294955,     3025145,多,开,4987.0,1,2022-04-12 13:32:08
1181,rb2210,SHFE,0_0_     2294955,     3025231,多,开,4987.0,2,2022-04-12 13:32:08
1182,rb2210,SHFE,0_0_     2293269,     3027658,多,平今,4986.0,2,2022-04-12 13:32:18
1183,rb2210,SHFE,0_0_     2298735,     3027782,空,平今,4987.0,1,2022-04-12 13:32:18
1184,rb2210,SHFE,0_0_     2298735,     3027787,空,平今,4987.0,1,2022-04-12 13:32:18
1185,rb2210,SHFE,0_0_     2305279,     3040557,多,平今,4983.0,1,2022-04-12 13:33:21
1186,rb2210,SHFE,0_0_     2305279,     3040558,多,平今,4983.0,1,2022-04-12 13:33:21
1187,rb2210,SHFE,0_0_     2307567,     3048553,多,开,4985.0,3,2022-04-12 13:34:07
1188,rb2210,SHFE,0_0_     2310922,     3050896,空,平今,4986.0,3,2022-04-12 13:34:21
1189,rb2210,SHFE,0_0_     2317051,     3057289,空,平今,4990.0,4,2022-04-12 13:34:54
1190,rb2210,SHFE,0_0_     2317526,     3057861,多,平今,4991.0,2,2022-04-12 13:34:57
1191,rb2210,SHFE,0_0_     2326765,     3071014,空,开,4994.0,1,2022-04-12 13:35:56
1192,rb2210,SHFE,0_0_     2326795,     3072466,空,开,4995.000000000001,1,2022-04-12 13:36:04
1193,rb2210,SHFE,0_0_     2318121,     3077559,多,开,4990.0,1,2022-04-12 13:36:35
1194,rb2210,SHFE,0_0_     2318121,     3077560,多,开,4990.0,1,2022-04-12 13:36:35
1195,rb2210,SHFE,0_0_     2318121,     3077589,多,开,4990.0,2,2022-04-12 13:36:36
1196,rb2210,SHFE,0_0_     2318121,     3077619,多,开,4990.0,1,2022-04-12 13:36:36
1197,rb2210,SHFE,0_0_     2331964,     3077968,空,平今,4991.0,4,2022-04-12 13:36:38
1198,rb2210,SHFE,0_0_     2332448,     3078895,空,平今,4990.000000000001,1,2022-04-12 13:36:42
1199,rb2210,SHFE,0_0_     2332545,     3078965,多,平今,4989.000000000001,1,2022-04-12 13:36:43
1200,rb2210,SHFE,0_0_     2334827,     3081498,多,平今,4992.0,1,2022-04-12 13:37:03
1201,rb2210,SHFE,0_0_     2335066,     3082311,空,开,4990.0,4,2022-04-12 13:37:07
1202,rb2210,SHFE,0_0_     2338520,     3086975,多,平今,4990.0,1,2022-04-12 13:37:42
1203,rb2210,SHFE,0_0_     2338520,     3086989,多,平今,4990.0,1,2022-04-12 13:37:42
1204,rb2210,SHFE,0_0_     2338520,     3086997,多,平今,4990.0,1,2022-04-12 13:37:42
1205,rb2210,SHFE,0_0_     2339247,     3088036,多,开,4991.0,1,2022-04-12 13:37:50
1206,rb2210,SHFE,0_0_     2339247,     3088068,多,开,4991.0,1,2022-04-12 13:37:50
1207,rb2210,SHFE,0_0_     2339247,     3088078,多,开,4991.0,1,2022-04-12 13:37:50
1208,rb2210,SHFE,0_0_     2328276,     3103812,空,开,4995.0,3,2022-04-12 13:39:33
1209,rb2210,SHFE,0_0_     2349993,     3103865,多,平今,4994.0,3,2022-04-12 13:39:33
1210,rb2210,SHFE,0_0_     2350508,     3104707,空,开,4994.0,4,2022-04-12 13:39:41
1211,rb2210,SHFE,0_0_     2351768,     3106169,多,平今,4995.0,4,2022-04-12 13:39:52
1212,rb2210,SHFE,0_0_     2351832,     3106379,空,平今,4995.0,1,2022-04-12 13:39:53
1213,rb2210,SHFE,0_0_     2351832,     3106380,空,平今,4995.0,1,2022-04-12 13:39:53
1214,rb2210,SHFE,0_0_     2351832,     3106381,空,平今,4995.0,1,2022-04-12 13:39:53
1215,rb2210,SHFE,0_0_     2351910,     3106585,多,开,4995.0,4,2022-04-12 13:39:55
1216,rb2210,SHFE,0_0_     2359064,     3115150,空,开,4991.0,4,2022-04-12 13:40:49
1217,rb2210,SHFE,0_0_     2359524,     3115272,多,平今,4990.0,1,2022-04-12 13:40:50
1218,rb2210,SHFE,0_0_     2359524,     3115292,多,平今,4990.0,1,2022-04-12 13:40:51
1219,rb2210,SHFE,0_0_     2359524,     3115311,多,平今,4990.0,2,2022-04-12 13:40:51
1220,rb2210,SHFE,0_0_     2364109,     3120120,多,开,4987.000000000001,4,2022-04-12 13:41:28
1221,rb2210,SHFE,0_0_     2364303,     3120989,空,平今,4988.0,4,2022-04-12 13:41:38
1222,rb2210,SHFE,0_0_     2375371,     3133142,多,开,4990.0,4,2022-04-12 13:43:00
1223,rb2210,SHFE,0_0_     2376158,     3133484,空,平今,4991.0,3,2022-04-12 13:43:03
1224,rb2210,SHFE,0_0_     2377008,     3134206,空,开,4991.0,3,2022-04-12 13:43:09
1225,rb2210,SHFE,0_0_     2377008,     3134243,空,开,4991.0,3,2022-04-12 13:43:09
1226,rb2210,SHFE,0_0_     2378806,     3136384,多,平今,4990.0,4,2022-04-12 13:43:31
1227,rb2210,SHFE,0_0_     2383344,     3141290,空,平今,4991.0,1,2022-04-12 13:44:16
1228,rb2210,SHFE,0_0_     2383895,     3141944,空,开,4991.0,2,2022-04-12 13:44:23
1229,rb2210,SHFE,0_0_     2385106,     3142887,多,平今,4992.0,3,2022-04-12 13:44:33
1230,rb2210,SHFE,0_0_     2386141,     3143668,多,开,4994.0,4,2022-04-12 13:44:42
1231,rb2210,SHFE,0_0_     2386737,     3144125,空,平今,4994.0,1,2022-04-12 13:44:46
1232,rb2210,SHFE,0_0_     2386737,     3144131,空,平今,4994.0,2,2022-04-12 13:44:46
1233,rb2210,SHFE,0_0_     2386737,     3144184,空,平今,4994.0,1,2022-04-12 13:44:47
1234,rb2210,SHFE,0_0_     2387427,     3144884,多,开,4993.0,3,2022-04-12 13:44:53
