,code,exchange,orderid,tradeid,direction,offset,price,volume,datetime
0,rb2210,SHFE,0_0_         280,       35870,空,平昨,4948.0,4,2022-04-13 21:00:14
1,rb2210,SHFE,0_0_         419,       41181,多,开,4946.0,7,2022-04-13 21:00:18
2,rb2210,SHFE,0_0_         331,       42819,空,开,4948.0,4,2022-04-13 21:00:20
3,rb2210,SHFE,0_0_         543,       45429,空,平今,4948.0,4,2022-04-13 21:00:22
4,rb2210,SHFE,0_0_         822,       55221,多,平今,4942.0,3,2022-04-13 21:00:33
5,rb2210,SHFE,0_0_         862,       56574,多,开,4942.0,3,2022-04-13 21:00:35
6,rb2210,SHFE,0_0_         888,       56598,空,平今,4943.0,1,2022-04-13 21:00:35
7,rb2210,SHFE,0_0_         888,       56604,空,平今,4943.0,1,2022-04-13 21:00:35
8,rb2210,SHFE,0_0_         888,       56617,空,平今,4943.0,1,2022-04-13 21:00:35
9,rb2210,SHFE,0_0_         889,       57744,多,开,4942.0,3,2022-04-13 21:00:36
10,rb2210,SHFE,0_0_         928,       57812,空,平今,4943.0,3,2022-04-13 21:00:36
11,rb2210,SHFE,0_0_        1744,       80071,多,开,4944.0,4,2022-04-13 21:01:06
12,rb2210,SHFE,0_0_        1822,       82300,空,平今,4946.0,3,2022-04-13 21:01:09
13,rb2210,SHFE,0_0_        1994,       86293,空,开,4939.0,6,2022-04-13 21:01:16
14,rb2210,SHFE,0_0_        2668,      104084,多,平今,4937.0,1,2022-04-13 21:01:44
15,rb2210,SHFE,0_0_        2668,      104096,多,平今,4937.0,1,2022-04-13 21:01:44
16,rb2210,SHFE,0_0_        2668,      104118,多,平今,4937.0,1,2022-04-13 21:01:44
17,rb2210,SHFE,0_0_        2996,      110975,多,平今,4942.0,2,2022-04-13 21:01:58
18,rb2210,SHFE,0_0_        3019,      111247,多,平昨,4942.0,1,2022-04-13 21:01:58
19,rb2210,SHFE,0_0_        3111,      113611,多,平今,4943.0,1,2022-04-13 21:02:02
20,rb2210,SHFE,0_0_        3115,      113679,空,平昨,4944.0,1,2022-04-13 21:02:02
21,rb2210,SHFE,0_0_        3262,      118058,空,平今,4947.0,3,2022-04-13 21:02:11
22,rb2210,SHFE,0_0_        3420,      119367,空,开,4947.0,2,2022-04-13 21:02:14
23,rb2210,SHFE,0_0_        3486,      121757,多,平今,4947.0,1,2022-04-13 21:02:18
24,rb2210,SHFE,0_0_        3626,      123765,空,开,4948.0,2,2022-04-13 21:02:22
25,rb2210,SHFE,0_0_        3643,      124049,多,平今,4947.0,2,2022-04-13 21:02:23
26,rb2210,SHFE,0_0_        3653,      124065,空,开,4948.0,2,2022-04-13 21:02:23
27,rb2210,SHFE,0_0_        4022,      131172,空,平今,4951.0,1,2022-04-13 21:02:36
28,rb2210,SHFE,0_0_        4087,      131389,多,平今,4950.0,1,2022-04-13 21:02:36
29,rb2210,SHFE,0_0_        4109,      132209,空,开,4949.0,3,2022-04-13 21:02:37
30,rb2210,SHFE,0_0_        4877,      140957,多,平今,4954.0,1,2022-04-13 21:02:54
31,rb2210,SHFE,0_0_        4877,      140962,多,平今,4954.0,2,2022-04-13 21:02:54
32,rb2210,SHFE,0_0_        4877,      140964,多,平今,4954.0,1,2022-04-13 21:02:54
33,rb2210,SHFE,0_0_        5256,      144323,多,开,4953.0,4,2022-04-13 21:03:01
34,rb2210,SHFE,0_0_        5373,      150336,空,平今,4954.0,3,2022-04-13 21:03:16
35,rb2210,SHFE,0_0_        6578,      156217,空,开,4955.0,1,2022-04-13 21:03:29
36,rb2210,SHFE,0_0_        6578,      156258,空,开,4955.0,2,2022-04-13 21:03:29
37,rb2210,SHFE,0_0_        6578,      156261,空,开,4955.0,1,2022-04-13 21:03:29
38,rb2210,SHFE,0_0_        7024,      159584,空,平今,4955.0,1,2022-04-13 21:03:38
39,rb2210,SHFE,0_0_        7041,      164179,多,平今,4954.0,1,2022-04-13 21:03:50
40,rb2210,SHFE,0_0_        6021,      164545,多,开,4953.0,3,2022-04-13 21:03:50
41,rb2210,SHFE,0_0_        7639,      165363,空,平今,4953.0,2,2022-04-13 21:03:52
42,rb2210,SHFE,0_0_        7603,      165598,空,开,4954.0,2,2022-04-13 21:03:53
43,rb2210,SHFE,0_0_        7827,      166380,多,平今,4953.0,1,2022-04-13 21:03:55
44,rb2210,SHFE,0_0_        7827,      166381,多,平今,4953.0,1,2022-04-13 21:03:55
45,rb2210,SHFE,0_0_        7903,      166906,空,平今,4954.0,1,2022-04-13 21:03:57
46,rb2210,SHFE,0_0_        8066,      167106,多,平今,4953.000000000001,1,2022-04-13 21:03:58
47,rb2210,SHFE,0_0_        7732,      167426,多,平今,4952.0,2,2022-04-13 21:03:59
48,rb2210,SHFE,0_0_        8135,      167499,空,开,4953.0,2,2022-04-13 21:04:00
49,rb2210,SHFE,0_0_        8073,      167793,空,开,4954.0,1,2022-04-13 21:04:00
50,rb2210,SHFE,0_0_        8645,      170223,多,开,4956.0,4,2022-04-13 21:04:07
51,rb2210,SHFE,0_0_       11118,      183135,空,平今,4955.0,4,2022-04-13 21:04:47
52,rb2210,SHFE,0_0_       11254,      184160,多,开,4954.0,1,2022-04-13 21:04:51
53,rb2210,SHFE,0_0_       11254,      184174,多,开,4954.0,1,2022-04-13 21:04:51
54,rb2210,SHFE,0_0_       11254,      184186,多,开,4954.0,1,2022-04-13 21:04:51
55,rb2210,SHFE,0_0_       11487,      185010,空,平今,4955.0,3,2022-04-13 21:04:54
56,rb2210,SHFE,0_0_       11714,      185174,多,平今,4954.0,3,2022-04-13 21:04:54
57,rb2210,SHFE,0_0_       11767,      185259,空,开,4955.0,4,2022-04-13 21:04:55
58,rb2210,SHFE,0_0_       11786,      185337,空,开,4955.0,1,2022-04-13 21:04:55
59,rb2210,SHFE,0_0_       11787,      185837,多,平今,4954.0,4,2022-04-13 21:04:56
60,rb2210,SHFE,0_0_       11834,      185947,空,开,4955.0,3,2022-04-13 21:04:56
61,rb2210,SHFE,0_0_       11834,      186068,空,开,4955.0,1,2022-04-13 21:04:57
62,rb2210,SHFE,0_0_       11896,      186180,多,平今,4954.0,1,2022-04-13 21:04:57
63,rb2210,SHFE,0_0_       11951,      187386,空,开,4955.0,1,2022-04-13 21:05:00
64,rb2210,SHFE,0_0_       12656,      188023,多,平今,4954.0,2,2022-04-13 21:05:01
65,rb2210,SHFE,0_0_        8149,      191539,多,平今,4952.0,2,2022-04-13 21:05:08
66,rb2210,SHFE,0_0_       14135,      193817,空,开,4953.0,2,2022-04-13 21:05:10
67,rb2210,SHFE,0_0_       14697,      193861,多,平今,4952.0,2,2022-04-13 21:05:10
68,rb2210,SHFE,0_0_       14703,      202088,空,开,4953.0,2,2022-04-13 21:05:25
69,rb2210,SHFE,0_0_       12813,      203570,空,开,4955.0,2,2022-04-13 21:05:28
70,rb2210,SHFE,0_0_       17825,      207063,多,平今,4956.0,3,2022-04-13 21:05:37
71,rb2210,SHFE,0_0_       17851,      207269,空,开,4956.0,1,2022-04-13 21:05:37
72,rb2210,SHFE,0_0_       17851,      207274,空,开,4956.0,1,2022-04-13 21:05:37
73,rb2210,SHFE,0_0_       17851,      207360,空,开,4956.0,1,2022-04-13 21:05:38
74,rb2210,SHFE,0_0_       17851,      207374,空,开,4956.0,1,2022-04-13 21:05:38
75,rb2210,SHFE,0_0_       18225,      209714,多,平今,4955.0,1,2022-04-13 21:05:44
76,rb2210,SHFE,0_0_       18411,      209757,空,开,4955.0,1,2022-04-13 21:05:44
77,rb2210,SHFE,0_0_       18412,      216802,多,平今,4954.0,1,2022-04-13 21:06:06
78,rb2210,SHFE,0_0_       21332,      219866,多,平今,4954.0,1,2022-04-13 21:06:13
79,rb2210,SHFE,0_0_       21511,      219876,空,开,4955.000000000001,1,2022-04-13 21:06:13
80,rb2210,SHFE,0_0_       21520,      220451,多,平今,4954.0,1,2022-04-13 21:06:15
81,rb2210,SHFE,0_0_       21850,      221174,空,开,4955.0,2,2022-04-13 21:06:17
82,rb2210,SHFE,0_0_       22128,      221442,多,平今,4954.0,2,2022-04-13 21:06:18
83,rb2210,SHFE,0_0_       22205,      221845,空,开,4955.0,2,2022-04-13 21:06:19
84,rb2210,SHFE,0_0_       22305,      225299,多,平今,4954.0,1,2022-04-13 21:06:28
85,rb2210,SHFE,0_0_       22305,      225491,多,平今,4954.0,1,2022-04-13 21:06:28
86,rb2210,SHFE,0_0_       23503,      226065,空,开,4955.0,2,2022-04-13 21:06:30
87,rb2210,SHFE,0_0_       23841,      226487,多,平今,4954.0,2,2022-04-13 21:06:32
88,rb2210,SHFE,0_0_       24172,      227216,空,开,4955.0,2,2022-04-13 21:06:35
89,rb2210,SHFE,0_0_       24528,      227343,多,平今,4954.0,1,2022-04-13 21:06:35
90,rb2210,SHFE,0_0_       24528,      227362,多,平今,4954.0,1,2022-04-13 21:06:35
91,rb2210,SHFE,0_0_       24568,      227479,空,开,4955.0,2,2022-04-13 21:06:36
92,rb2210,SHFE,0_0_       24603,      227491,多,平今,4954.0,3,2022-04-13 21:06:36
93,rb2210,SHFE,0_0_       24666,      231574,空,开,4955.0,1,2022-04-13 21:06:50
94,rb2210,SHFE,0_0_       24666,      231662,空,开,4955.0,1,2022-04-13 21:06:50
95,rb2210,SHFE,0_0_       24666,      231776,空,开,4955.0,1,2022-04-13 21:06:51
96,rb2210,SHFE,0_0_       28681,      239934,多,平今,4953.0,2,2022-04-13 21:07:13
97,rb2210,SHFE,0_0_       16596,      240950,多,开,4952.0,1,2022-04-13 21:07:16
98,rb2210,SHFE,0_0_       16596,      240960,多,开,4952.0,3,2022-04-13 21:07:16
99,rb2210,SHFE,0_0_       30965,      241481,空,平今,4953.0,1,2022-04-13 21:07:17
100,rb2210,SHFE,0_0_       30965,      241562,空,平今,4953.0,1,2022-04-13 21:07:17
101,rb2210,SHFE,0_0_       30965,      241572,空,平今,4953.0,1,2022-04-13 21:07:17
102,rb2210,SHFE,0_0_       30965,      241573,空,平今,4953.0,1,2022-04-13 21:07:17
103,rb2210,SHFE,0_0_       36123,      254378,多,开,4962.0,4,2022-04-13 21:07:48
104,rb2210,SHFE,0_0_       36017,      254386,多,开,4961.0,4,2022-04-13 21:07:48
105,rb2210,SHFE,0_0_       36212,      254510,空,平今,4962.0,4,2022-04-13 21:07:49
106,rb2210,SHFE,0_0_       36329,      254894,空,平今,4962.0,4,2022-04-13 21:07:50
107,rb2210,SHFE,0_0_       36360,      254921,多,开,4961.0,4,2022-04-13 21:07:50
108,rb2210,SHFE,0_0_       36361,      254963,空,平今,4962.000000000001,1,2022-04-13 21:07:50
109,rb2210,SHFE,0_0_       36361,      254964,空,平今,4962.000000000001,1,2022-04-13 21:07:50
110,rb2210,SHFE,0_0_       36361,      255060,空,平今,4962.0,2,2022-04-13 21:07:50
111,rb2210,SHFE,0_0_       38006,      259025,多,平今,4963.0,1,2022-04-13 21:08:01
112,rb2210,SHFE,0_0_       38344,      260553,多,开,4962.0,4,2022-04-13 21:08:03
113,rb2210,SHFE,0_0_       36425,      260929,多,平今,4961.0,2,2022-04-13 21:08:04
114,rb2210,SHFE,0_0_       38535,      261125,空,平今,4963.0,4,2022-04-13 21:08:04
115,rb2210,SHFE,0_0_       38769,      261184,多,开,4962.0,4,2022-04-13 21:08:04
116,rb2210,SHFE,0_0_       38787,      262116,多,开,4961.0,4,2022-04-13 21:08:06
117,rb2210,SHFE,0_0_       39063,      262135,空,平今,4962.0,4,2022-04-13 21:08:06
118,rb2210,SHFE,0_0_       39066,      262486,多,开,4961.0,1,2022-04-13 21:08:07
119,rb2210,SHFE,0_0_       39066,      262673,多,开,4961.0,2,2022-04-13 21:08:07
120,rb2210,SHFE,0_0_       39066,      262694,多,开,4961.0,1,2022-04-13 21:08:07
121,rb2210,SHFE,0_0_       41594,      268454,空,平今,4961.0,1,2022-04-13 21:08:24
122,rb2210,SHFE,0_0_       43678,      272124,空,平今,4961.0,1,2022-04-13 21:08:38
123,rb2210,SHFE,0_0_       43835,      272737,空,平今,4961.0,4,2022-04-13 21:08:41
124,rb2210,SHFE,0_0_       45357,      273910,空,开,4962.0,1,2022-04-13 21:08:48
125,rb2210,SHFE,0_0_       45357,      273911,空,开,4962.0,3,2022-04-13 21:08:48
126,rb2210,SHFE,0_0_       47571,      278713,多,平今,4963.0,4,2022-04-13 21:09:02
127,rb2210,SHFE,0_0_       48781,      281099,多,开,4965.0,1,2022-04-13 21:09:07
128,rb2210,SHFE,0_0_       51474,      288003,空,开,4972.0,1,2022-04-13 21:09:21
129,rb2210,SHFE,0_0_       51474,      288004,空,开,4972.0,1,2022-04-13 21:09:21
130,rb2210,SHFE,0_0_       51474,      288014,空,开,4972.0,1,2022-04-13 21:09:21
131,rb2210,SHFE,0_0_       51474,      288019,空,开,4972.0,1,2022-04-13 21:09:21
132,rb2210,SHFE,0_0_       52670,      290576,多,平今,4969.0,3,2022-04-13 21:09:28
133,rb2210,SHFE,0_0_       52730,      291127,空,开,4970.0,4,2022-04-13 21:09:31
134,rb2210,SHFE,0_0_       53139,      291136,多,平今,4969.0,6,2022-04-13 21:09:31
135,rb2210,SHFE,0_0_       55350,      296496,空,平今,4969.0,2,2022-04-13 21:09:50
136,rb2210,SHFE,0_0_       56590,      298267,空,开,4969.000000000001,3,2022-04-13 21:09:57
137,rb2210,SHFE,0_0_       56709,      298591,多,平今,4969.0,4,2022-04-13 21:09:58
138,rb2210,SHFE,0_0_       56802,      298756,空,开,4970.0,4,2022-04-13 21:09:59
139,rb2210,SHFE,0_0_       57282,      299502,多,开,4971.000000000001,2,2022-04-13 21:10:01
140,rb2210,SHFE,0_0_       57282,      299503,多,开,4971.000000000001,1,2022-04-13 21:10:01
141,rb2210,SHFE,0_0_       57282,      299504,多,开,4971.000000000001,4,2022-04-13 21:10:01
142,rb2210,SHFE,0_0_       56956,      300861,多,平今,4969.0,2,2022-04-13 21:10:04
143,rb2210,SHFE,0_0_       56956,      301049,多,平今,4969.0,2,2022-04-13 21:10:04
144,rb2210,SHFE,0_0_       57914,      301121,空,平今,4970.0,1,2022-04-13 21:10:05
145,rb2210,SHFE,0_0_       57914,      301200,空,平今,4970.0,1,2022-04-13 21:10:05
146,rb2210,SHFE,0_0_       57914,      301201,空,平今,4970.0,1,2022-04-13 21:10:05
147,rb2210,SHFE,0_0_       57914,      301206,空,平今,4970.0,1,2022-04-13 21:10:05
148,rb2210,SHFE,0_0_       57982,      301508,空,平今,4970.0,3,2022-04-13 21:10:06
149,rb2210,SHFE,0_0_       58269,      301709,多,开,4969.0,3,2022-04-13 21:10:07
150,rb2210,SHFE,0_0_       58269,      301725,多,开,4969.0,1,2022-04-13 21:10:07
151,rb2210,SHFE,0_0_       58268,      302251,空,开,4970.0,1,2022-04-13 21:10:08
152,rb2210,SHFE,0_0_       58268,      302253,空,开,4970.0,1,2022-04-13 21:10:08
153,rb2210,SHFE,0_0_       58605,      302358,多,平今,4969.0,3,2022-04-13 21:10:08
154,rb2210,SHFE,0_0_       58673,      305084,空,平今,4970.0,1,2022-04-13 21:10:16
155,rb2210,SHFE,0_0_       59857,      305099,多,开,4969.0,1,2022-04-13 21:10:16
156,rb2210,SHFE,0_0_       63068,      321204,空,开,4967.0,3,2022-04-13 21:11:09
157,rb2210,SHFE,0_0_       74717,      328661,空,开,4964.0,1,2022-04-13 21:11:42
158,rb2210,SHFE,0_0_       74717,      328662,空,开,4964.0,2,2022-04-13 21:11:42
159,rb2210,SHFE,0_0_       75596,      328985,多,平今,4964.0,6,2022-04-13 21:11:44
160,rb2210,SHFE,0_0_       75873,      329166,空,开,4963.0,1,2022-04-13 21:11:45
161,rb2210,SHFE,0_0_       79042,      334864,空,开,4962.0,4,2022-04-13 21:12:08
162,rb2210,SHFE,0_0_       81197,      338164,空,开,4960.0,1,2022-04-13 21:12:18
163,rb2210,SHFE,0_0_       82276,      339702,空,平今,4958.000000000001,2,2022-04-13 21:12:24
164,rb2210,SHFE,0_0_       82361,      339841,多,平今,4957.0,1,2022-04-13 21:12:24
165,rb2210,SHFE,0_0_       84522,      344813,多,平今,4956.0,1,2022-04-13 21:12:50
166,rb2210,SHFE,0_0_       85425,      345334,多,平今,4956.0,2,2022-04-13 21:12:53
167,rb2210,SHFE,0_0_       86243,      347563,多,开,4958.0,4,2022-04-13 21:12:58
168,rb2210,SHFE,0_0_       86533,      348965,空,平今,4959.0,4,2022-04-13 21:13:03
169,rb2210,SHFE,0_0_       87266,      350547,多,开,4958.0,4,2022-04-13 21:13:08
170,rb2210,SHFE,0_0_       88777,      351810,空,开,4958.0,2,2022-04-13 21:13:12
171,rb2210,SHFE,0_0_       88777,      351812,空,开,4958.0,2,2022-04-13 21:13:12
172,rb2210,SHFE,0_0_       88777,      351906,空,开,4958.0,1,2022-04-13 21:13:12
173,rb2210,SHFE,0_0_       89686,      353206,空,平今,4957.0,1,2022-04-13 21:13:19
174,rb2210,SHFE,0_0_       94263,      359084,多,平今,4955.0,1,2022-04-13 21:13:50
175,rb2210,SHFE,0_0_       94293,      361083,多,平今,4955.0,6,2022-04-13 21:14:00
176,rb2210,SHFE,0_0_       96012,      361573,空,开,4956.0,4,2022-04-13 21:14:02
177,rb2210,SHFE,0_0_      100604,      369605,空,开,4957.0,2,2022-04-13 21:14:32
178,rb2210,SHFE,0_0_      100604,      369698,空,开,4957.0,1,2022-04-13 21:14:32
179,rb2210,SHFE,0_0_      100604,      369703,空,开,4957.0,1,2022-04-13 21:14:32
180,rb2210,SHFE,0_0_      104350,      372959,多,平今,4956.0,1,2022-04-13 21:14:49
181,rb2210,SHFE,0_0_      106837,      375576,多,平今,4957.0,1,2022-04-13 21:15:00
182,rb2210,SHFE,0_0_      106837,      375667,多,平今,4957.0,3,2022-04-13 21:15:00
183,rb2210,SHFE,0_0_       88056,      376941,空,平今,4959.0,4,2022-04-13 21:15:03
184,rb2210,SHFE,0_0_      107701,      378722,多,平今,4958.0,1,2022-04-13 21:15:08
185,rb2210,SHFE,0_0_      109534,      380792,空,开,4955.0,5,2022-04-13 21:15:12
186,rb2210,SHFE,0_0_      112448,      385501,空,开,4951.0,1,2022-04-13 21:15:28
187,rb2210,SHFE,0_0_      113366,      387355,多,平今,4950.0,1,2022-04-13 21:15:34
188,rb2210,SHFE,0_0_      113432,      387494,空,开,4951.0,1,2022-04-13 21:15:35
189,rb2210,SHFE,0_0_      113437,      387629,多,平今,4950.0,4,2022-04-13 21:15:36
190,rb2210,SHFE,0_0_      113818,      387838,空,开,4951.0,1,2022-04-13 21:15:37
191,rb2210,SHFE,0_0_      113818,      387839,空,开,4951.0,1,2022-04-13 21:15:37
192,rb2210,SHFE,0_0_      113818,      387840,空,开,4951.0,1,2022-04-13 21:15:37
193,rb2210,SHFE,0_0_      113818,      387841,空,开,4951.0,1,2022-04-13 21:15:37
194,rb2210,SHFE,0_0_      113713,      389059,多,平今,4950.0,4,2022-04-13 21:15:42
195,rb2210,SHFE,0_0_      114889,      392034,空,开,4951.0,1,2022-04-13 21:15:54
196,rb2210,SHFE,0_0_      114889,      392091,空,开,4951.0,1,2022-04-13 21:15:55
197,rb2210,SHFE,0_0_      114889,      392093,空,开,4951.0,1,2022-04-13 21:15:55
198,rb2210,SHFE,0_0_      114889,      392095,空,开,4951.0,1,2022-04-13 21:15:55
199,rb2210,SHFE,0_0_      116759,      392152,多,平今,4950.0,3,2022-04-13 21:15:55
200,rb2210,SHFE,0_0_      118715,      396171,空,平今,4948.0,1,2022-04-13 21:16:10
201,rb2210,SHFE,0_0_      118672,      397830,空,开,4949.0,3,2022-04-13 21:16:18
202,rb2210,SHFE,0_0_      131427,      411065,多,平今,4949.000000000001,1,2022-04-13 21:17:31
203,rb2210,SHFE,0_0_      138362,      417780,多,平今,4951.0,3,2022-04-13 21:18:07
204,rb2210,SHFE,0_0_      139100,      422276,空,开,4950.0,1,2022-04-13 21:18:25
205,rb2210,SHFE,0_0_      139100,      422332,空,开,4950.0,1,2022-04-13 21:18:25
206,rb2210,SHFE,0_0_      139100,      422441,空,开,4950.0,1,2022-04-13 21:18:26
207,rb2210,SHFE,0_0_      139100,      422644,空,开,4950.0,1,2022-04-13 21:18:26
208,rb2210,SHFE,0_0_      141731,      423842,多,平今,4950.0,8,2022-04-13 21:18:30
209,rb2210,SHFE,0_0_      142641,      425847,空,开,4951.0,1,2022-04-13 21:18:42
210,rb2210,SHFE,0_0_      143620,      425887,空,开,4951.0,1,2022-04-13 21:18:42
211,rb2210,SHFE,0_0_      110650,      438028,空,平今,4954.0,1,2022-04-13 21:19:56
212,rb2210,SHFE,0_0_      143709,      475643,多,开,4950.0,2,2022-04-13 21:23:21
213,rb2210,SHFE,0_0_      143709,      475644,多,开,4950.0,4,2022-04-13 21:23:21
214,rb2210,SHFE,0_0_      187049,      480533,空,平今,4948.0,1,2022-04-13 21:23:48
215,rb2210,SHFE,0_0_      188318,      480611,多,平今,4947.0,1,2022-04-13 21:23:49
216,rb2210,SHFE,0_0_      188488,      480999,空,平今,4948.0,1,2022-04-13 21:23:50
217,rb2210,SHFE,0_0_      189036,      481761,空,开,4948.0,1,2022-04-13 21:23:53
218,rb2210,SHFE,0_0_      189036,      481788,空,开,4948.0,2,2022-04-13 21:23:53
219,rb2210,SHFE,0_0_      189863,      482358,多,平今,4947.0,2,2022-04-13 21:23:55
220,rb2210,SHFE,0_0_      194723,      487750,多,平今,4951.0,2,2022-04-13 21:24:24
221,rb2210,SHFE,0_0_      211619,      507180,多,开,4948.000000000001,1,2022-04-13 21:25:51
222,rb2210,SHFE,0_0_      213528,      509456,多,开,4950.0,1,2022-04-13 21:26:04
223,rb2210,SHFE,0_0_      217078,      512897,多,开,4952.0,1,2022-04-13 21:26:24
224,rb2210,SHFE,0_0_      178551,      536158,空,开,4955.0,3,2022-04-13 21:28:41
225,rb2210,SHFE,0_0_      178551,      536168,空,开,4955.0,1,2022-04-13 21:28:41
226,rb2210,SHFE,0_0_      241258,      536378,多,平今,4954.0,4,2022-04-13 21:28:42
227,rb2210,SHFE,0_0_      243994,      541365,空,平今,4955.000000000001,4,2022-04-13 21:29:08
228,rb2210,SHFE,0_0_      247300,      543075,空,开,4956.0,4,2022-04-13 21:29:14
229,rb2210,SHFE,0_0_      253303,      550957,空,平今,4961.0,1,2022-04-13 21:29:53
230,rb2210,SHFE,0_0_      256160,      555807,多,开,4958.0,1,2022-04-13 21:30:09
231,rb2210,SHFE,0_0_      256346,      556815,空,平今,4959.0,1,2022-04-13 21:30:14
232,rb2210,SHFE,0_0_      257111,      556937,多,开,4958.0,1,2022-04-13 21:30:15
233,rb2210,SHFE,0_0_      281597,      585044,空,平今,4959.0,2,2022-04-13 21:32:33
234,rb2210,SHFE,0_0_      281700,      589326,多,平今,4958.0,1,2022-04-13 21:33:02
235,rb2210,SHFE,0_0_      297854,      607224,多,平今,4957.0,2,2022-04-13 21:34:27
236,rb2210,SHFE,0_0_      315257,      622970,多,开,4955.0,1,2022-04-13 21:36:11
237,rb2210,SHFE,0_0_      315257,      623042,多,开,4955.0,1,2022-04-13 21:36:11
238,rb2210,SHFE,0_0_      315257,      623050,多,开,4955.0,1,2022-04-13 21:36:11
239,rb2210,SHFE,0_0_      317476,      625759,多,开,4956.0,3,2022-04-13 21:36:32
240,rb2210,SHFE,0_0_      304787,      627646,空,平今,4959.0,1,2022-04-13 21:36:50
241,rb2210,SHFE,0_0_      319474,      627734,多,平今,4958.0,1,2022-04-13 21:36:52
242,rb2210,SHFE,0_0_      322163,      631797,空,平今,4963.0,1,2022-04-13 21:37:11
243,rb2210,SHFE,0_0_      322229,      632391,多,开,4962.0,1,2022-04-13 21:37:16
244,rb2210,SHFE,0_0_      322701,      632764,空,平今,4963.0,1,2022-04-13 21:37:18
245,rb2210,SHFE,0_0_      323003,      632832,多,开,4962.0,1,2022-04-13 21:37:18
246,rb2210,SHFE,0_0_      326839,      638615,多,开,4969.0,1,2022-04-13 21:37:47
247,rb2210,SHFE,0_0_      326963,      639295,空,平今,4969.0,4,2022-04-13 21:37:49
248,rb2210,SHFE,0_0_      327497,      639781,多,开,4968.0,4,2022-04-13 21:37:52
249,rb2210,SHFE,0_0_      328390,      641158,空,平今,4968.0,2,2022-04-13 21:38:00
250,rb2210,SHFE,0_0_      328390,      641159,空,平今,4968.0,2,2022-04-13 21:38:00
251,rb2210,SHFE,0_0_      328713,      642164,空,平今,4968.000000000001,3,2022-04-13 21:38:05
252,rb2210,SHFE,0_0_      331798,      646033,多,开,4972.0,2,2022-04-13 21:38:20
253,rb2210,SHFE,0_0_      332231,      646939,空,开,4972.0,4,2022-04-13 21:38:22
254,rb2210,SHFE,0_0_      332325,      647039,空,平今,4972.0,1,2022-04-13 21:38:23
255,rb2210,SHFE,0_0_      332400,      647230,空,开,4972.0,2,2022-04-13 21:38:24
256,rb2210,SHFE,0_0_      332828,      647894,空,开,4973.0,2,2022-04-13 21:38:26
257,rb2210,SHFE,0_0_      333054,      649273,多,平今,4972.0,4,2022-04-13 21:38:30
258,rb2210,SHFE,0_0_      333598,      649339,空,开,4973.0,4,2022-04-13 21:38:31
259,rb2210,SHFE,0_0_      333758,      649521,多,平今,4974.0,5,2022-04-13 21:38:32
260,rb2210,SHFE,0_0_      333838,      649943,多,开,4974.0,1,2022-04-13 21:38:32
261,rb2210,SHFE,0_0_      337684,      656080,多,平今,4972.0,3,2022-04-13 21:39:02
262,rb2210,SHFE,0_0_      343114,      662911,空,开,4973.0,1,2022-04-13 21:39:42
263,rb2210,SHFE,0_0_      343114,      662932,空,开,4973.0,2,2022-04-13 21:39:42
264,rb2210,SHFE,0_0_      343114,      662938,空,开,4973.0,1,2022-04-13 21:39:42
265,rb2210,SHFE,0_0_      343507,      663668,多,平今,4972.0,4,2022-04-13 21:39:47
266,rb2210,SHFE,0_0_      344118,      663950,空,开,4973.0,4,2022-04-13 21:39:50
267,rb2210,SHFE,0_0_      344612,      667593,多,平今,4972.0,2,2022-04-13 21:40:06
268,rb2210,SHFE,0_0_      347132,      668333,空,开,4972.0,2,2022-04-13 21:40:09
269,rb2210,SHFE,0_0_      347132,      668383,空,开,4972.0,1,2022-04-13 21:40:09
270,rb2210,SHFE,0_0_      347132,      668384,空,开,4972.0,1,2022-04-13 21:40:09
271,rb2210,SHFE,0_0_      348630,      669642,空,开,4970.0,1,2022-04-13 21:40:18
272,rb2210,SHFE,0_0_      348630,      669662,空,开,4970.0,1,2022-04-13 21:40:18
273,rb2210,SHFE,0_0_      349203,      670764,多,平今,4969.0,4,2022-04-13 21:40:25
274,rb2210,SHFE,0_0_      347856,      670933,空,平今,4972.0,1,2022-04-13 21:40:25
275,rb2210,SHFE,0_0_      349936,      671976,空,开,4971.0,4,2022-04-13 21:40:29
276,rb2210,SHFE,0_0_      352937,      675781,多,平今,4974.0,1,2022-04-13 21:40:56
277,rb2210,SHFE,0_0_      352937,      675785,多,平今,4974.0,3,2022-04-13 21:40:56
278,rb2210,SHFE,0_0_      352991,      675971,空,平今,4974.0,1,2022-04-13 21:40:57
279,rb2210,SHFE,0_0_      353180,      676374,多,平今,4974.0,1,2022-04-13 21:40:59
280,rb2210,SHFE,0_0_      353283,      676772,空,开,4974.0,1,2022-04-13 21:41:01
281,rb2210,SHFE,0_0_      357856,      683746,多,平今,4976.0,1,2022-04-13 21:41:34
282,rb2210,SHFE,0_0_      357856,      683747,多,平今,4976.0,1,2022-04-13 21:41:34
283,rb2210,SHFE,0_0_      357856,      683748,多,平今,4976.0,1,2022-04-13 21:41:34
284,rb2210,SHFE,0_0_      357856,      683750,多,平今,4976.0,1,2022-04-13 21:41:34
285,rb2210,SHFE,0_0_      357913,      683879,空,开,4976.0,1,2022-04-13 21:41:34
286,rb2210,SHFE,0_0_      357913,      683880,空,开,4976.0,3,2022-04-13 21:41:34
287,rb2210,SHFE,0_0_      357913,      683886,空,开,4976.0,2,2022-04-13 21:41:34
288,rb2210,SHFE,0_0_      357913,      683887,空,开,4976.0,2,2022-04-13 21:41:34
289,rb2210,SHFE,0_0_      358102,      684469,多,平今,4975.0,4,2022-04-13 21:41:37
290,rb2210,SHFE,0_0_      358527,      685223,多,平今,4975.0,4,2022-04-13 21:41:40
291,rb2210,SHFE,0_0_      361272,      688153,空,开,4974.0,2,2022-04-13 21:41:59
292,rb2210,SHFE,0_0_      361815,      697617,空,开,4976.0,4,2022-04-13 21:42:50
293,rb2210,SHFE,0_0_      369202,      697813,多,平今,4975.0,4,2022-04-13 21:42:52
294,rb2210,SHFE,0_0_      369324,      697918,空,开,4975.0,2,2022-04-13 21:42:52
295,rb2210,SHFE,0_0_      371514,      701219,多,平今,4976.0,1,2022-04-13 21:43:11
296,rb2210,SHFE,0_0_      369673,      701862,多,平今,4975.0,1,2022-04-13 21:43:14
297,rb2210,SHFE,0_0_      372078,      702165,空,开,4975.0,1,2022-04-13 21:43:17
298,rb2210,SHFE,0_0_      372679,      703306,多,平今,4974.0,1,2022-04-13 21:43:28
299,rb2210,SHFE,0_0_      373493,      707728,空,开,4975.0,2,2022-04-13 21:43:51
300,rb2210,SHFE,0_0_      376974,      708450,多,平今,4974.0,2,2022-04-13 21:43:55
301,rb2210,SHFE,0_0_      381203,      714534,空,开,4973.0,3,2022-04-13 21:44:19
302,rb2210,SHFE,0_0_      379294,      717876,空,开,4974.0,1,2022-04-13 21:44:29
303,rb2210,SHFE,0_0_      387397,      726294,多,开,4976.0,8,2022-04-13 21:45:05
304,rb2210,SHFE,0_0_      383893,      726697,多,平今,4975.0,4,2022-04-13 21:45:06
305,rb2210,SHFE,0_0_      388743,      728154,空,平今,4975.0,8,2022-04-13 21:45:09
306,rb2210,SHFE,0_0_      389490,      729041,多,开,4974.0,4,2022-04-13 21:45:11
307,rb2210,SHFE,0_0_      390923,      730624,空,开,4973.0,1,2022-04-13 21:45:17
308,rb2210,SHFE,0_0_      390923,      730625,空,开,4973.0,1,2022-04-13 21:45:17
309,rb2210,SHFE,0_0_      390923,      730635,空,开,4973.0,1,2022-04-13 21:45:17
310,rb2210,SHFE,0_0_      390923,      730643,空,开,4973.0,1,2022-04-13 21:45:17
311,rb2210,SHFE,0_0_      390923,      730645,空,开,4973.0,1,2022-04-13 21:45:17
312,rb2210,SHFE,0_0_      390923,      730646,空,开,4973.0,1,2022-04-13 21:45:17
313,rb2210,SHFE,0_0_      392831,      733779,多,平今,4971.0,1,2022-04-13 21:45:27
314,rb2210,SHFE,0_0_      396347,      741547,多,平今,4971.0,1,2022-04-13 21:45:49
315,rb2210,SHFE,0_0_      396347,      741564,多,平今,4971.0,1,2022-04-13 21:45:49
316,rb2210,SHFE,0_0_      403864,      751273,空,开,4969.0,1,2022-04-13 21:46:27
317,rb2210,SHFE,0_0_      397636,      754870,空,开,4972.0,1,2022-04-13 21:46:46
318,rb2210,SHFE,0_0_      397636,      754874,空,开,4972.0,1,2022-04-13 21:46:46
319,rb2210,SHFE,0_0_      408374,      755341,多,平今,4971.0,2,2022-04-13 21:46:49
320,rb2210,SHFE,0_0_      423599,      771934,多,开,4969.0,3,2022-04-13 21:48:17
321,rb2210,SHFE,0_0_      389928,      784315,空,平今,4975.0,1,2022-04-13 21:49:47
322,rb2210,SHFE,0_0_      389928,      784318,空,平今,4975.0,1,2022-04-13 21:49:47
323,rb2210,SHFE,0_0_      389928,      784319,空,平今,4975.0,1,2022-04-13 21:49:47
324,rb2210,SHFE,0_0_      389928,      784320,空,平今,4975.0,1,2022-04-13 21:49:47
325,rb2210,SHFE,0_0_      436078,      785280,多,开,4974.0,1,2022-04-13 21:49:54
326,rb2210,SHFE,0_0_      436078,      785298,多,开,4974.0,1,2022-04-13 21:49:54
327,rb2210,SHFE,0_0_      436078,      785332,多,开,4974.0,1,2022-04-13 21:49:54
328,rb2210,SHFE,0_0_      436078,      785338,多,开,4974.0,1,2022-04-13 21:49:54
329,rb2210,SHFE,0_0_      442160,      791970,空,平今,4972.0,4,2022-04-13 21:50:28
330,rb2210,SHFE,0_0_      442404,      792787,多,开,4971.0,4,2022-04-13 21:50:33
331,rb2210,SHFE,0_0_      456121,      807435,空,平今,4976.000000000001,2,2022-04-13 21:52:17
332,rb2210,SHFE,0_0_      457865,      809954,多,平今,4977.0,1,2022-04-13 21:52:27
333,rb2210,SHFE,0_0_      457865,      809957,多,平今,4977.0,1,2022-04-13 21:52:27
334,rb2210,SHFE,0_0_      457865,      809960,多,平今,4977.0,1,2022-04-13 21:52:27
335,rb2210,SHFE,0_0_      457865,      809962,多,平今,4977.0,1,2022-04-13 21:52:27
336,rb2210,SHFE,0_0_      459027,      812436,空,平今,4977.0,1,2022-04-13 21:52:44
337,rb2210,SHFE,0_0_      460594,      813364,空,平今,4977.0,2,2022-04-13 21:52:52
338,rb2210,SHFE,0_0_      461046,      813417,多,平今,4976.0,2,2022-04-13 21:52:53
339,rb2210,SHFE,0_0_      461260,      813712,多,开,4976.000000000001,1,2022-04-13 21:52:54
340,rb2210,SHFE,0_0_      461561,      814084,多,开,4976.0,1,2022-04-13 21:52:58
341,rb2210,SHFE,0_0_      462021,      814502,空,开,4977.0,4,2022-04-13 21:53:02
342,rb2210,SHFE,0_0_      458567,      815795,空,平今,4978.0,1,2022-04-13 21:53:08
343,rb2210,SHFE,0_0_      463155,      816442,多,开,4977.0,2,2022-04-13 21:53:13
344,rb2210,SHFE,0_0_      463965,      816842,空,平今,4978.0,1,2022-04-13 21:53:16
345,rb2210,SHFE,0_0_      465731,      820378,多,开,4981.0,2,2022-04-13 21:53:28
346,rb2210,SHFE,0_0_      465603,      821910,多,开,4980.0,1,2022-04-13 21:53:34
347,rb2210,SHFE,0_0_      466785,      822117,空,平今,4981.0,1,2022-04-13 21:53:35
348,rb2210,SHFE,0_0_      466946,      822448,多,开,4980.0,1,2022-04-13 21:53:37
349,rb2210,SHFE,0_0_      467260,      822782,空,平今,4981.0,1,2022-04-13 21:53:39
350,rb2210,SHFE,0_0_      467858,      826089,空,平今,4982.0,1,2022-04-13 21:54:01
351,rb2210,SHFE,0_0_      467858,      826094,空,平今,4982.0,3,2022-04-13 21:54:01
352,rb2210,SHFE,0_0_      469692,      826172,多,开,4981.0,3,2022-04-13 21:54:02
353,rb2210,SHFE,0_0_      470165,      826991,空,平今,4981.0,2,2022-04-13 21:54:07
354,rb2210,SHFE,0_0_      470556,      827221,空,平今,4981.0,3,2022-04-13 21:54:08
355,rb2210,SHFE,0_0_      470764,      827424,空,开,4981.0,1,2022-04-13 21:54:09
356,rb2210,SHFE,0_0_      471044,      827896,多,开,4981.0,1,2022-04-13 21:54:12
357,rb2210,SHFE,0_0_      471044,      827919,多,开,4981.0,1,2022-04-13 21:54:12
358,rb2210,SHFE,0_0_      471044,      827923,多,开,4981.0,2,2022-04-13 21:54:12
359,rb2210,SHFE,0_0_      472470,      829917,多,开,4982.0,1,2022-04-13 21:54:25
360,rb2210,SHFE,0_0_      474895,      833762,多,开,4983.0,1,2022-04-13 21:54:51
361,rb2210,SHFE,0_0_      475270,      833931,空,平今,4983.0,1,2022-04-13 21:54:52
362,rb2210,SHFE,0_0_      475385,      834115,空,平今,4983.0,1,2022-04-13 21:54:53
363,rb2210,SHFE,0_0_      475385,      834116,空,平今,4983.0,3,2022-04-13 21:54:53
364,rb2210,SHFE,0_0_      475511,      834353,多,开,4983.0,4,2022-04-13 21:54:54
365,rb2210,SHFE,0_0_      476994,      836948,空,平今,4984.0,1,2022-04-13 21:55:08
366,rb2210,SHFE,0_0_      482493,      849499,多,平今,4990.0,1,2022-04-13 21:55:59
367,rb2210,SHFE,0_0_      482810,      850337,多,开,4991.0,1,2022-04-13 21:56:01
368,rb2210,SHFE,0_0_      488570,      859484,空,平今,4991.0,1,2022-04-13 21:56:44
369,rb2210,SHFE,0_0_      490221,      862705,空,平今,4991.0,2,2022-04-13 21:57:06
370,rb2210,SHFE,0_0_      478744,      864817,多,平今,4986.0,4,2022-04-13 21:57:18
371,rb2210,SHFE,0_0_      491453,      865049,空,开,4987.0,1,2022-04-13 21:57:19
372,rb2210,SHFE,0_0_      491453,      865082,空,开,4987.0,1,2022-04-13 21:57:19
373,rb2210,SHFE,0_0_      491453,      865095,空,开,4987.0,1,2022-04-13 21:57:19
374,rb2210,SHFE,0_0_      491453,      865117,空,开,4987.0,1,2022-04-13 21:57:19
375,rb2210,SHFE,0_0_      495129,      872402,多,平今,4986.0,4,2022-04-13 21:57:59
376,rb2210,SHFE,0_0_      495211,      872480,空,开,4986.0,2,2022-04-13 21:58:00
377,rb2210,SHFE,0_0_      495331,      873570,多,平今,4986.0,1,2022-04-13 21:58:05
378,rb2210,SHFE,0_0_      477741,      874175,多,开,4984.0,1,2022-04-13 21:58:09
379,rb2210,SHFE,0_0_      496417,      874202,空,开,4985.0,3,2022-04-13 21:58:09
380,rb2210,SHFE,0_0_      495916,      875826,空,平今,4987.0,1,2022-04-13 21:58:19
381,rb2210,SHFE,0_0_      500302,      878609,多,平今,4986.0,1,2022-04-13 21:58:41
382,rb2210,SHFE,0_0_      500365,      878751,空,平今,4987.0,1,2022-04-13 21:58:41
383,rb2210,SHFE,0_0_      500487,      879079,空,开,4986.0,1,2022-04-13 21:58:44
384,rb2210,SHFE,0_0_      502229,      880926,多,开,4987.0,4,2022-04-13 21:59:02
385,rb2210,SHFE,0_0_      490660,      886416,空,开,4991.000000000001,4,2022-04-13 21:59:47
386,rb2210,SHFE,0_0_      507165,      886541,多,平今,4990.0,2,2022-04-13 21:59:48
387,rb2210,SHFE,0_0_      507165,      886579,多,平今,4990.0,1,2022-04-13 21:59:48
388,rb2210,SHFE,0_0_      507165,      886580,多,平今,4990.0,1,2022-04-13 21:59:48
389,rb2210,SHFE,0_0_      507211,      886741,空,平今,4991.0,2,2022-04-13 21:59:49
390,rb2210,SHFE,0_0_      507274,      887159,多,开,4990.0,2,2022-04-13 21:59:52
391,rb2210,SHFE,0_0_      507371,      887178,多,开,4990.0,1,2022-04-13 21:59:52
392,rb2210,SHFE,0_0_      507458,      887434,空,平今,4991.000000000001,1,2022-04-13 21:59:54
393,rb2210,SHFE,0_0_      507458,      887435,空,平今,4991.000000000001,1,2022-04-13 21:59:54
394,rb2210,SHFE,0_0_      507458,      887436,空,平今,4991.000000000001,1,2022-04-13 21:59:54
395,rb2210,SHFE,0_0_      507458,      887437,空,平今,4991.000000000001,1,2022-04-13 21:59:54
396,rb2210,SHFE,0_0_      507458,      887438,空,平今,4991.000000000001,1,2022-04-13 21:59:54
397,rb2210,SHFE,0_0_      507636,      887620,多,开,4991.0,3,2022-04-13 21:59:56
398,rb2210,SHFE,0_0_      482907,      887764,空,平今,4992.0,1,2022-04-13 21:59:56
399,rb2210,SHFE,0_0_      507716,      887806,多,开,4991.0,1,2022-04-13 21:59:56
400,rb2210,SHFE,0_0_      507571,      888801,多,开,4990.0,2,2022-04-13 22:00:00
401,rb2210,SHFE,0_0_      508204,      888869,空,平今,4991.0,2,2022-04-13 22:00:00
402,rb2210,SHFE,0_0_      508204,      888879,空,平今,4991.0,1,2022-04-13 22:00:00
403,rb2210,SHFE,0_0_      508230,      888925,多,开,4990.0,3,2022-04-13 22:00:00
404,rb2210,SHFE,0_0_      508231,      888931,空,平今,4991.0,3,2022-04-13 22:00:00
405,rb2210,SHFE,0_0_      508233,      888939,多,开,4990.0,2,2022-04-13 22:00:00
406,rb2210,SHFE,0_0_      508233,      888941,多,开,4990.0,1,2022-04-13 22:00:00
407,rb2210,SHFE,0_0_      508234,      888962,空,平今,4991.0,3,2022-04-13 22:00:00
408,rb2210,SHFE,0_0_      508235,      889080,多,开,4990.0,3,2022-04-13 22:00:00
409,rb2210,SHFE,0_0_      508247,      889094,空,平今,4991.0,3,2022-04-13 22:00:00
410,rb2210,SHFE,0_0_      508248,      889140,多,开,4990.0,3,2022-04-13 22:00:00
411,rb2210,SHFE,0_0_      508289,      889158,空,平今,4991.0,1,2022-04-13 22:00:00
412,rb2210,SHFE,0_0_      508289,      889161,空,平今,4991.0,1,2022-04-13 22:00:00
413,rb2210,SHFE,0_0_      508289,      889165,空,平今,4991.0,1,2022-04-13 22:00:00
414,rb2210,SHFE,0_0_      508308,      889167,多,开,4990.0,1,2022-04-13 22:00:00
415,rb2210,SHFE,0_0_      508308,      889168,多,开,4990.0,1,2022-04-13 22:00:00
416,rb2210,SHFE,0_0_      508308,      889173,多,开,4990.0,1,2022-04-13 22:00:00
417,rb2210,SHFE,0_0_      508309,      889177,空,平今,4991.0,3,2022-04-13 22:00:00
418,rb2210,SHFE,0_0_      507725,      889286,空,平今,4992.0,1,2022-04-13 22:00:00
419,rb2210,SHFE,0_0_      508823,      890754,多,开,4992.0,2,2022-04-13 22:00:03
420,rb2210,SHFE,0_0_      508335,      891253,多,开,4991.0,1,2022-04-13 22:00:04
421,rb2210,SHFE,0_0_      508310,      891451,多,开,4990.0,3,2022-04-13 22:00:04
422,rb2210,SHFE,0_0_      509342,      891823,空,平今,4991.0,2,2022-04-13 22:00:05
423,rb2210,SHFE,0_0_      509342,      891830,空,平今,4991.0,2,2022-04-13 22:00:05
424,rb2210,SHFE,0_0_      509441,      892008,多,开,4990.0,4,2022-04-13 22:00:05
425,rb2210,SHFE,0_0_      509450,      892342,空,平今,4991.0,2,2022-04-13 22:00:06
426,rb2210,SHFE,0_0_      509821,      892598,空,平今,4990.0,4,2022-04-13 22:00:07
427,rb2210,SHFE,0_0_      511323,      894328,多,开,4990.0,4,2022-04-13 22:00:16
428,rb2210,SHFE,0_0_      511494,      894336,空,平今,4991.0,3,2022-04-13 22:00:16
429,rb2210,SHFE,0_0_      509071,      894422,空,开,4992.0,4,2022-04-13 22:00:17
430,rb2210,SHFE,0_0_      511508,      894433,多,开,4991.0,1,2022-04-13 22:00:17
431,rb2210,SHFE,0_0_      511508,      894435,多,开,4991.0,3,2022-04-13 22:00:17
432,rb2210,SHFE,0_0_      508857,      894812,空,平今,4993.0,2,2022-04-13 22:00:20
433,rb2210,SHFE,0_0_      511636,      895966,多,平今,4991.0,1,2022-04-13 22:00:27
434,rb2210,SHFE,0_0_      511720,      895971,多,平今,4991.0,1,2022-04-13 22:00:27
435,rb2210,SHFE,0_0_      513324,      896548,多,开,4991.0,2,2022-04-13 22:00:29
436,rb2210,SHFE,0_0_      513324,      896555,多,开,4991.0,1,2022-04-13 22:00:29
437,rb2210,SHFE,0_0_      514089,      897417,空,平今,4991.0,1,2022-04-13 22:00:35
438,rb2210,SHFE,0_0_      516406,      899785,空,平今,4990.0,1,2022-04-13 22:00:55
439,rb2210,SHFE,0_0_      516465,      900090,多,平今,4989.0,1,2022-04-13 22:00:58
440,rb2210,SHFE,0_0_      516781,      900238,空,开,4990.0,3,2022-04-13 22:00:59
441,rb2210,SHFE,0_0_      516807,      900446,多,平今,4989.0,2,2022-04-13 22:01:00
442,rb2210,SHFE,0_0_      516807,      900447,多,平今,4989.0,1,2022-04-13 22:01:00
443,rb2210,SHFE,0_0_      517530,      901965,多,开,4989.0,1,2022-04-13 22:01:08
444,rb2210,SHFE,0_0_      517530,      901980,多,开,4989.0,1,2022-04-13 22:01:08
445,rb2210,SHFE,0_0_      518655,      904072,空,平今,4990.0,1,2022-04-13 22:01:25
446,rb2210,SHFE,0_0_      521203,      906534,空,平今,4990.0,2,2022-04-13 22:01:48
447,rb2210,SHFE,0_0_      513552,      908802,空,平今,4992.0,4,2022-04-13 22:02:02
448,rb2210,SHFE,0_0_      513677,      908812,空,平今,4992.0,1,2022-04-13 22:02:02
449,rb2210,SHFE,0_0_      525523,      910588,多,平今,4993.0,1,2022-04-13 22:02:11
450,rb2210,SHFE,0_0_      526315,      913908,空,开,4994.0,2,2022-04-13 22:02:41
451,rb2210,SHFE,0_0_      529337,      915361,空,开,4994.0,1,2022-04-13 22:02:51
452,rb2210,SHFE,0_0_      537745,      924065,多,平今,4988.0,1,2022-04-13 22:03:49
453,rb2210,SHFE,0_0_      539258,      925506,多,平今,4989.0,1,2022-04-13 22:04:01
454,rb2210,SHFE,0_0_      544792,      930591,空,开,4991.0,1,2022-04-13 22:04:37
455,rb2210,SHFE,0_0_      545091,      930808,空,开,4991.0,1,2022-04-13 22:04:39
456,rb2210,SHFE,0_0_      548098,      934264,多,平今,4991.0,1,2022-04-13 22:05:08
457,rb2210,SHFE,0_0_      548098,      934266,多,平今,4991.0,1,2022-04-13 22:05:08
458,rb2210,SHFE,0_0_      548098,      934349,多,平今,4991.0,1,2022-04-13 22:05:08
459,rb2210,SHFE,0_0_      548098,      934356,多,平今,4991.0,1,2022-04-13 22:05:08
460,rb2210,SHFE,0_0_      549041,      937149,多,平今,4993.0,2,2022-04-13 22:05:26
461,rb2210,SHFE,0_0_      551321,      939163,多,开,4992.0,4,2022-04-13 22:05:42
462,rb2210,SHFE,0_0_      553160,      940088,空,平今,4993.0,4,2022-04-13 22:05:50
463,rb2210,SHFE,0_0_      555366,      941803,多,开,4993.0,4,2022-04-13 22:06:00
464,rb2210,SHFE,0_0_      553966,      942360,多,开,4992.0,4,2022-04-13 22:06:04
465,rb2210,SHFE,0_0_      556214,      942535,空,平今,4993.0,3,2022-04-13 22:06:05
466,rb2210,SHFE,0_0_      556269,      942540,空,平今,4993.0,4,2022-04-13 22:06:05
467,rb2210,SHFE,0_0_      556385,      942641,多,开,4992.0,2,2022-04-13 22:06:06
468,rb2210,SHFE,0_0_      556629,      942842,空,平今,4992.0,3,2022-04-13 22:06:07
469,rb2210,SHFE,0_0_      556393,      943321,空,开,4993.0,4,2022-04-13 22:06:10
470,rb2210,SHFE,0_0_      556393,      943322,空,开,4993.0,2,2022-04-13 22:06:10
471,rb2210,SHFE,0_0_      556393,      943323,空,开,4993.0,1,2022-04-13 22:06:10
472,rb2210,SHFE,0_0_      557291,      943386,多,平今,4993.0,7,2022-04-13 22:06:11
473,rb2210,SHFE,0_0_      557367,      943619,多,开,4992.0,1,2022-04-13 22:06:12
474,rb2210,SHFE,0_0_      560282,      945700,多,开,4989.0,4,2022-04-13 22:06:32
475,rb2210,SHFE,0_0_      560298,      945728,空,平今,4990.0,1,2022-04-13 22:06:33
476,rb2210,SHFE,0_0_      560298,      945733,空,平今,4990.0,1,2022-04-13 22:06:33
477,rb2210,SHFE,0_0_      560298,      945740,空,平今,4990.0,1,2022-04-13 22:06:33
478,rb2210,SHFE,0_0_      560298,      945759,空,平今,4990.0,1,2022-04-13 22:06:33
479,rb2210,SHFE,0_0_      560322,      945815,多,开,4989.0,1,2022-04-13 22:06:34
480,rb2210,SHFE,0_0_      560322,      945819,多,开,4989.0,3,2022-04-13 22:06:34
481,rb2210,SHFE,0_0_      560376,      946089,空,平今,4990.0,1,2022-04-13 22:06:36
482,rb2210,SHFE,0_0_      560708,      946243,空,平今,4990.0,1,2022-04-13 22:06:38
483,rb2210,SHFE,0_0_      560803,      946292,空,平今,4990.0,1,2022-04-13 22:06:38
484,rb2210,SHFE,0_0_      501977,      948644,多,平今,4985.0,1,2022-04-13 22:06:58
485,rb2210,SHFE,0_0_      563173,      948847,空,平今,4987.0,2,2022-04-13 22:06:59
486,rb2210,SHFE,0_0_      563984,      950324,多,开,4983.0,3,2022-04-13 22:07:05
487,rb2210,SHFE,0_0_      564378,      950803,多,开,4983.0,1,2022-04-13 22:07:07
488,rb2210,SHFE,0_0_      564097,      951202,空,平今,4984.0,1,2022-04-13 22:07:09
489,rb2210,SHFE,0_0_      564097,      951208,空,平今,4984.0,1,2022-04-13 22:07:09
490,rb2210,SHFE,0_0_      564097,      951210,空,平今,4984.0,1,2022-04-13 22:07:09
491,rb2210,SHFE,0_0_      564924,      951551,多,开,4985.0,1,2022-04-13 22:07:12
492,rb2210,SHFE,0_0_      564924,      951556,多,开,4985.0,3,2022-04-13 22:07:12
493,rb2210,SHFE,0_0_      564677,      952657,多,开,4983.0,3,2022-04-13 22:07:20
494,rb2210,SHFE,0_0_      565423,      952833,空,平今,4984.0,3,2022-04-13 22:07:20
495,rb2210,SHFE,0_0_      566912,      956002,空,平今,4984.0,2,2022-04-13 22:07:43
496,rb2210,SHFE,0_0_      566912,      956267,空,平今,4984.0,2,2022-04-13 22:07:45
497,rb2210,SHFE,0_0_      567960,      956510,空,平今,4983.0,1,2022-04-13 22:07:49
498,rb2210,SHFE,0_0_      568260,      957280,多,开,4982.0,4,2022-04-13 22:07:54
499,rb2210,SHFE,0_0_      568831,      958533,空,平今,4982.0,2,2022-04-13 22:08:04
500,rb2210,SHFE,0_0_      568831,      958536,空,平今,4982.0,1,2022-04-13 22:08:04
501,rb2210,SHFE,0_0_      569013,      958900,多,开,4982.0,1,2022-04-13 22:08:08
502,rb2210,SHFE,0_0_      570090,      961025,多,开,4979.0,1,2022-04-13 22:08:21
503,rb2210,SHFE,0_0_      570673,      965070,空,平今,4981.0,3,2022-04-13 22:08:49
504,rb2210,SHFE,0_0_      573239,      965119,多,开,4980.0,1,2022-04-13 22:08:49
505,rb2210,SHFE,0_0_      570214,      966057,多,开,4978.0,4,2022-04-13 22:08:54
506,rb2210,SHFE,0_0_      573738,      966166,空,平今,4979.0,3,2022-04-13 22:08:55
507,rb2210,SHFE,0_0_      574580,      968899,多,开,4978.0,4,2022-04-13 22:09:11
508,rb2210,SHFE,0_0_      576032,      969017,空,平今,4979.0,4,2022-04-13 22:09:12
509,rb2210,SHFE,0_0_      576245,      969570,多,开,4978.0,5,2022-04-13 22:09:17
510,rb2210,SHFE,0_0_      576120,      969635,空,平今,4979.0,1,2022-04-13 22:09:17
511,rb2210,SHFE,0_0_      576603,      969806,空,平今,4978.000000000001,1,2022-04-13 22:09:20
512,rb2210,SHFE,0_0_      576603,      969807,空,平今,4978.000000000001,1,2022-04-13 22:09:20
513,rb2210,SHFE,0_0_      577403,      970801,多,开,4977.0,1,2022-04-13 22:09:28
514,rb2210,SHFE,0_0_      577895,      971389,多,开,4977.0,1,2022-04-13 22:09:31
515,rb2210,SHFE,0_0_      578334,      971691,多,开,4977.0,1,2022-04-13 22:09:34
516,rb2210,SHFE,0_0_      578774,      972232,空,平今,4977.0,1,2022-04-13 22:09:40
517,rb2210,SHFE,0_0_      580130,      974057,空,平今,4978.0,1,2022-04-13 22:09:52
518,rb2210,SHFE,0_0_      576375,      974261,空,平今,4979.0,4,2022-04-13 22:09:53
519,rb2210,SHFE,0_0_      580614,      974546,多,开,4978.0,2,2022-04-13 22:09:57
520,rb2210,SHFE,0_0_      581126,      974759,多,开,4978.0,2,2022-04-13 22:09:59
521,rb2210,SHFE,0_0_      581126,      974804,多,开,4978.0,1,2022-04-13 22:09:59
522,rb2210,SHFE,0_0_      573244,      976737,空,开,4981.0,5,2022-04-13 22:10:12
523,rb2210,SHFE,0_0_      583268,      977594,多,平今,4981.0,4,2022-04-13 22:10:17
524,rb2210,SHFE,0_0_      584390,      981747,空,平今,4981.0,1,2022-04-13 22:10:48
525,rb2210,SHFE,0_0_      584390,      981749,空,平今,4981.0,1,2022-04-13 22:10:48
526,rb2210,SHFE,0_0_      584390,      981751,空,平今,4981.0,1,2022-04-13 22:10:48
527,rb2210,SHFE,0_0_      584390,      981757,空,平今,4981.0,2,2022-04-13 22:10:48
528,rb2210,SHFE,0_0_      584390,      981770,空,平今,4981.0,1,2022-04-13 22:10:48
529,rb2210,SHFE,0_0_      587283,      981828,多,开,4980.0,6,2022-04-13 22:10:49
530,rb2210,SHFE,0_0_      587400,      982220,空,开,4980.0,2,2022-04-13 22:10:53
531,rb2210,SHFE,0_0_      587346,      982971,空,平今,4981.0,6,2022-04-13 22:10:58
532,rb2210,SHFE,0_0_      590462,      985905,多,开,4978.0,4,2022-04-13 22:11:16
533,rb2210,SHFE,0_0_      597002,      992638,空,平今,4982.0,1,2022-04-13 22:12:32
534,rb2210,SHFE,0_0_      597002,      992639,空,平今,4982.0,1,2022-04-13 22:12:32
535,rb2210,SHFE,0_0_      597002,      992641,空,平今,4982.0,1,2022-04-13 22:12:32
536,rb2210,SHFE,0_0_      578914,     1006584,多,开,4976.0,1,2022-04-13 22:14:20
537,rb2210,SHFE,0_0_      610241,     1008214,空,平今,4976.0,1,2022-04-13 22:14:29
538,rb2210,SHFE,0_0_      611419,     1010231,空,平今,4976.0,1,2022-04-13 22:14:40
539,rb2210,SHFE,0_0_      612689,     1010829,多,平今,4976.0,1,2022-04-13 22:14:42
540,rb2210,SHFE,0_0_      613114,     1010850,空,开,4977.0,1,2022-04-13 22:14:42
541,rb2210,SHFE,0_0_      613126,     1010957,多,平今,4976.0,2,2022-04-13 22:14:42
542,rb2210,SHFE,0_0_      613197,     1011321,多,平今,4976.0,1,2022-04-13 22:14:46
543,rb2210,SHFE,0_0_      618357,     1019239,多,开,4974.0,2,2022-04-13 22:15:40
544,rb2210,SHFE,0_0_      620505,     1019385,空,开,4975.0,1,2022-04-13 22:15:41
545,rb2210,SHFE,0_0_      620505,     1019392,空,开,4975.0,1,2022-04-13 22:15:41
546,rb2210,SHFE,0_0_      620922,     1020163,空,平今,4975.0,1,2022-04-13 22:15:44
547,rb2210,SHFE,0_0_      621319,     1020235,多,开,4974.0,3,2022-04-13 22:15:44
548,rb2210,SHFE,0_0_      621772,     1020566,空,平今,4975.0,4,2022-04-13 22:15:47
549,rb2210,SHFE,0_0_      621582,     1023043,多,开,4974.0,4,2022-04-13 22:16:04
550,rb2210,SHFE,0_0_      627793,     1026945,多,平今,4980.0,2,2022-04-13 22:16:32
551,rb2210,SHFE,0_0_      628193,     1028342,空,平今,4979.0,1,2022-04-13 22:16:42
552,rb2210,SHFE,0_0_      628193,     1028386,空,平今,4979.0,1,2022-04-13 22:16:42
553,rb2210,SHFE,0_0_      628193,     1028392,空,平今,4979.0,1,2022-04-13 22:16:42
554,rb2210,SHFE,0_0_      608209,     1031209,空,开,4981.0,2,2022-04-13 22:17:09
555,rb2210,SHFE,0_0_      633556,     1033097,多,平今,4981.0,2,2022-04-13 22:17:24
556,rb2210,SHFE,0_0_      643071,     1042164,多,开,4980.0,1,2022-04-13 22:18:58
557,rb2210,SHFE,0_0_      638211,     1042704,空,开,4981.0,2,2022-04-13 22:19:09
558,rb2210,SHFE,0_0_      638211,     1042756,空,开,4981.0,1,2022-04-13 22:19:09
559,rb2210,SHFE,0_0_      643606,     1042820,多,开,4980.0,1,2022-04-13 22:19:10
560,rb2210,SHFE,0_0_      638211,     1042894,空,开,4981.0,1,2022-04-13 22:19:11
561,rb2210,SHFE,0_0_      643906,     1043937,多,平今,4980.0,1,2022-04-13 22:19:27
562,rb2210,SHFE,0_0_      649249,     1047402,多,开,4983.0,1,2022-04-13 22:20:13
563,rb2210,SHFE,0_0_      649249,     1047405,多,开,4983.0,1,2022-04-13 22:20:13
564,rb2210,SHFE,0_0_      645209,     1052658,多,平今,4980.0,1,2022-04-13 22:21:00
565,rb2210,SHFE,0_0_      645805,     1052662,多,平今,4980.0,2,2022-04-13 22:21:00
566,rb2210,SHFE,0_0_      655329,     1052881,空,平今,4981.0,1,2022-04-13 22:21:03
567,rb2210,SHFE,0_0_      655329,     1052888,空,平今,4981.0,1,2022-04-13 22:21:03
568,rb2210,SHFE,0_0_      655329,     1052891,空,平今,4981.0,1,2022-04-13 22:21:03
569,rb2210,SHFE,0_0_      656255,     1053748,空,平今,4979.0,1,2022-04-13 22:21:10
570,rb2210,SHFE,0_0_      657101,     1057170,空,开,4978.0,3,2022-04-13 22:21:48
571,rb2210,SHFE,0_0_      672282,     1072996,空,开,4979.0,4,2022-04-13 22:24:19
572,rb2210,SHFE,0_0_      673552,     1073566,多,开,4981.0,6,2022-04-13 22:24:26
573,rb2210,SHFE,0_0_      669970,     1090143,多,平今,4977.0,2,2022-04-13 22:28:19
574,rb2210,SHFE,0_0_      696886,     1091603,空,平今,4976.0,1,2022-04-13 22:28:34
575,rb2210,SHFE,0_0_      704795,     1098756,多,平今,4977.0,2,2022-04-13 22:30:00
576,rb2210,SHFE,0_0_      707050,     1104500,多,平今,4975.0,3,2022-04-13 22:30:09
577,rb2210,SHFE,0_0_      708722,     1107806,空,开,4972.0,3,2022-04-13 22:30:17
578,rb2210,SHFE,0_0_      708767,     1109201,空,开,4972.0,3,2022-04-13 22:30:20
579,rb2210,SHFE,0_0_      708767,     1109245,空,开,4972.0,1,2022-04-13 22:30:20
580,rb2210,SHFE,0_0_      709233,     1109274,多,平今,4971.0,3,2022-04-13 22:30:21
581,rb2210,SHFE,0_0_      710575,     1113428,空,平今,4968.0,1,2022-04-13 22:30:31
582,rb2210,SHFE,0_0_      712313,     1118708,空,平今,4966.0,1,2022-04-13 22:30:40
583,rb2210,SHFE,0_0_      711446,     1119679,空,平今,4967.0,1,2022-04-13 22:30:42
584,rb2210,SHFE,0_0_      711446,     1119701,空,平今,4967.0,1,2022-04-13 22:30:42
585,rb2210,SHFE,0_0_      712856,     1120384,多,平今,4967.0,2,2022-04-13 22:30:43
586,rb2210,SHFE,0_0_      713014,     1121182,多,开,4967.0,1,2022-04-13 22:30:45
587,rb2210,SHFE,0_0_      713014,     1121185,多,开,4967.0,3,2022-04-13 22:30:45
588,rb2210,SHFE,0_0_      715806,     1127063,空,平今,4970.0,4,2022-04-13 22:30:59
589,rb2210,SHFE,0_0_      709396,     1130292,空,开,4971.0,1,2022-04-13 22:31:08
590,rb2210,SHFE,0_0_      717729,     1130298,多,平今,4970.0,2,2022-04-13 22:31:08
591,rb2210,SHFE,0_0_      709396,     1130392,空,开,4971.0,1,2022-04-13 22:31:08
592,rb2210,SHFE,0_0_      719007,     1135618,空,开,4969.0,1,2022-04-13 22:31:22
593,rb2210,SHFE,0_0_      719007,     1135627,空,开,4969.0,2,2022-04-13 22:31:22
594,rb2210,SHFE,0_0_      719007,     1135628,空,开,4969.0,1,2022-04-13 22:31:22
595,rb2210,SHFE,0_0_      719985,     1139499,多,平今,4968.0,1,2022-04-13 22:31:38
596,rb2210,SHFE,0_0_      719985,     1139500,多,平今,4968.0,1,2022-04-13 22:31:38
597,rb2210,SHFE,0_0_      719985,     1139501,多,平今,4968.0,2,2022-04-13 22:31:38
598,rb2210,SHFE,0_0_      721667,     1139973,多,平今,4969.0,2,2022-04-13 22:31:41
599,rb2210,SHFE,0_0_      723216,     1142887,多,开,4969.0,1,2022-04-13 22:31:58
600,rb2210,SHFE,0_0_      724774,     1145025,空,开,4970.0,2,2022-04-13 22:32:07
601,rb2210,SHFE,0_0_      726321,     1153684,多,开,4972.0,2,2022-04-13 22:32:45
602,rb2210,SHFE,0_0_      726321,     1153706,多,开,4972.0,1,2022-04-13 22:32:45
603,rb2210,SHFE,0_0_      732281,     1153715,空,平今,4973.0,3,2022-04-13 22:32:45
604,rb2210,SHFE,0_0_      734867,     1158322,多,开,4975.0,3,2022-04-13 22:33:11
605,rb2210,SHFE,0_0_      750663,     1172812,空,平今,4977.0,4,2022-04-13 22:34:44
606,rb2210,SHFE,0_0_      751329,     1173464,多,开,4977.0,1,2022-04-13 22:34:50
607,rb2210,SHFE,0_0_      751329,     1173465,多,开,4977.0,1,2022-04-13 22:34:50
608,rb2210,SHFE,0_0_      751329,     1173466,多,开,4977.0,1,2022-04-13 22:34:50
609,rb2210,SHFE,0_0_      751738,     1173751,空,平今,4977.0,1,2022-04-13 22:34:52
610,rb2210,SHFE,0_0_      764475,     1188990,多,平今,4981.0,2,2022-04-13 22:36:07
611,rb2210,SHFE,0_0_      771950,     1196498,多,开,4981.0,2,2022-04-13 22:37:02
612,rb2210,SHFE,0_0_      771950,     1196510,多,开,4981.0,1,2022-04-13 22:37:02
613,rb2210,SHFE,0_0_      777543,     1201945,空,平今,4984.0,1,2022-04-13 22:37:46
614,rb2210,SHFE,0_0_      777543,     1201955,空,平今,4984.0,1,2022-04-13 22:37:46
615,rb2210,SHFE,0_0_      778847,     1203701,空,开,4982.0,8,2022-04-13 22:37:59
616,rb2210,SHFE,0_0_      779687,     1204287,多,平今,4983.0,1,2022-04-13 22:38:02
617,rb2210,SHFE,0_0_      781419,     1205630,多,平今,4983.0,1,2022-04-13 22:38:14
618,rb2210,SHFE,0_0_      781419,     1205631,多,平今,4983.0,1,2022-04-13 22:38:14
619,rb2210,SHFE,0_0_      781419,     1205632,多,平今,4983.0,1,2022-04-13 22:38:14
620,rb2210,SHFE,0_0_      781419,     1205633,多,平今,4983.0,1,2022-04-13 22:38:14
621,rb2210,SHFE,0_0_      781419,     1205634,多,平今,4983.0,1,2022-04-13 22:38:14
622,rb2210,SHFE,0_0_      781419,     1205635,多,平今,4983.0,1,2022-04-13 22:38:14
623,rb2210,SHFE,0_0_      781419,     1205636,多,平今,4983.0,1,2022-04-13 22:38:14
624,rb2210,SHFE,0_0_      781949,     1209385,空,开,4982.0,1,2022-04-13 22:38:57
625,rb2210,SHFE,0_0_      781949,     1209427,空,开,4982.0,2,2022-04-13 22:38:58
626,rb2210,SHFE,0_0_      781949,     1209441,空,开,4982.0,3,2022-04-13 22:38:59
627,rb2210,SHFE,0_0_      786306,     1209454,多,平今,4981.0,1,2022-04-13 22:38:59
628,rb2210,SHFE,0_0_      781949,     1212344,空,开,4982.0,1,2022-04-13 22:39:36
629,rb2210,SHFE,0_0_      790294,     1212979,多,平今,4981.0,3,2022-04-13 22:39:43
630,rb2210,SHFE,0_0_      825754,     1242532,空,开,4979.0,5,2022-04-13 22:44:51
631,rb2210,SHFE,0_0_      827443,     1244250,空,平今,4980.0,1,2022-04-13 22:45:04
632,rb2210,SHFE,0_0_      827443,     1244253,空,平今,4980.0,2,2022-04-13 22:45:04
633,rb2210,SHFE,0_0_      827443,     1244254,空,平今,4980.0,1,2022-04-13 22:45:04
634,rb2210,SHFE,0_0_      832146,     1247905,多,平今,4980.0,8,2022-04-13 22:45:47
635,rb2210,SHFE,0_0_      832612,     1250319,空,开,4981.0,1,2022-04-13 22:46:07
636,rb2210,SHFE,0_0_      844786,     1259946,空,开,4978.0,1,2022-04-13 22:47:43
637,rb2210,SHFE,0_0_      868266,     1283697,多,平今,4976.0,2,2022-04-13 22:51:36
638,rb2210,SHFE,0_0_      876855,     1291921,空,开,4975.0,1,2022-04-13 22:52:57
639,rb2210,SHFE,0_0_      876855,     1291996,空,开,4975.0,1,2022-04-13 22:52:58
640,rb2210,SHFE,0_0_      885853,     1301716,多,平今,4971.0,1,2022-04-13 22:54:08
641,rb2210,SHFE,0_0_      891047,     1322944,多,开,4968.0,4,2022-04-13 22:57:24
642,rb2210,SHFE,0_0_      906133,     1322946,空,平今,4969.0,1,2022-04-13 22:57:24
643,rb2210,SHFE,0_0_      906133,     1322949,空,平今,4969.0,1,2022-04-13 22:57:24
644,rb2210,SHFE,0_0_      906133,     1322957,空,平今,4969.0,2,2022-04-13 22:57:25
645,rb2210,SHFE,0_0_      910148,     1326887,多,平今,4967.0,1,2022-04-13 22:57:59
646,rb2210,SHFE,0_0_      910309,     1327219,空,开,4968.0,2,2022-04-13 22:58:00
647,rb2210,SHFE,0_0_      910463,     1327267,多,平今,4967.0,2,2022-04-13 22:58:01
648,rb2210,SHFE,0_0_      910483,     1327944,空,开,4968.0,2,2022-04-13 22:58:04
649,rb2210,SHFE,0_0_      911094,     1327953,多,平今,4967.0,2,2022-04-13 22:58:04
650,rb2210,SHFE,0_0_      911923,     1329425,空,平今,4966.0,1,2022-04-13 22:58:16
651,rb2210,SHFE,0_0_      912206,     1329851,多,开,4965.0,4,2022-04-13 22:58:19
652,rb2210,SHFE,0_0_      916062,     1335879,空,平今,4966.0,1,2022-04-13 22:59:00
653,rb2210,SHFE,0_0_     1126302,     1559208,空,开,4980.0,8,2022-04-14 09:00:35
654,rb2210,SHFE,0_0_     1126513,     1561021,多,平今,4980.000000000001,4,2022-04-14 09:00:41
655,rb2210,SHFE,0_0_     1126731,     1563086,多,平今,4981.0,1,2022-04-14 09:00:48
656,rb2210,SHFE,0_0_     1126731,     1563087,多,平今,4981.0,1,2022-04-14 09:00:48
657,rb2210,SHFE,0_0_     1127658,     1571242,多,平今,4983.0,1,2022-04-14 09:01:10
658,rb2210,SHFE,0_0_     1127658,     1571283,多,平今,4983.0,1,2022-04-14 09:01:10
659,rb2210,SHFE,0_0_     1127692,     1572095,空,平今,4984.0,1,2022-04-14 09:01:13
660,rb2210,SHFE,0_0_     1127860,     1573428,空,开,4983.0,1,2022-04-14 09:01:17
661,rb2210,SHFE,0_0_     1127860,     1573442,空,开,4983.0,2,2022-04-14 09:01:17
662,rb2210,SHFE,0_0_     1127253,     1573861,多,开,4982.0,3,2022-04-14 09:01:19
663,rb2210,SHFE,0_0_     1127253,     1573936,多,开,4982.0,1,2022-04-14 09:01:19
664,rb2210,SHFE,0_0_     1127253,     1573980,多,开,4982.0,1,2022-04-14 09:01:19
665,rb2210,SHFE,0_0_     1127983,     1575632,空,开,4982.0,5,2022-04-14 09:01:25
666,rb2210,SHFE,0_0_     1127932,     1579324,空,平今,4983.0,4,2022-04-14 09:01:37
667,rb2210,SHFE,0_0_     1128595,     1579491,多,平今,4982.0,6,2022-04-14 09:01:38
668,rb2210,SHFE,0_0_     1128874,     1582021,空,开,4983.0,1,2022-04-14 09:01:49
669,rb2210,SHFE,0_0_     1128874,     1582034,空,开,4983.0,1,2022-04-14 09:01:49
670,rb2210,SHFE,0_0_     1128874,     1582036,空,开,4983.0,1,2022-04-14 09:01:49
671,rb2210,SHFE,0_0_     1128874,     1582048,空,开,4983.0,1,2022-04-14 09:01:49
672,rb2210,SHFE,0_0_     1129305,     1586584,多,平今,4980.0,4,2022-04-14 09:02:06
673,rb2210,SHFE,0_0_     1129577,     1586610,空,开,4981.0,1,2022-04-14 09:02:07
674,rb2210,SHFE,0_0_     1129577,     1586650,空,开,4981.0,3,2022-04-14 09:02:07
675,rb2210,SHFE,0_0_     1130708,     1594277,多,平今,4982.0,2,2022-04-14 09:02:38
676,rb2210,SHFE,0_0_     1130954,     1596135,多,平今,4982.0,3,2022-04-14 09:02:47
677,rb2210,SHFE,0_0_     1135737,     1608944,多,开,4972.000000000001,2,2022-04-14 09:03:56
678,rb2210,SHFE,0_0_     1135812,     1608991,空,平今,4973.0,5,2022-04-14 09:03:56
679,rb2210,SHFE,0_0_     1135904,     1609045,多,开,4972.0,5,2022-04-14 09:03:57
680,rb2210,SHFE,0_0_     1136038,     1609199,多,平今,4973.0,1,2022-04-14 09:03:58
681,rb2210,SHFE,0_0_     1136055,     1609301,空,平今,4973.0,2,2022-04-14 09:03:58
682,rb2210,SHFE,0_0_     1136082,     1609482,多,开,4972.0,2,2022-04-14 09:03:59
683,rb2210,SHFE,0_0_     1138963,     1617636,空,平今,4966.0,1,2022-04-14 09:04:39
684,rb2210,SHFE,0_0_     1139179,     1618801,多,开,4967.0,3,2022-04-14 09:04:42
685,rb2210,SHFE,0_0_     1139204,     1622053,空,平今,4968.0,3,2022-04-14 09:04:55
686,rb2210,SHFE,0_0_     1140177,     1622623,多,开,4967.0,3,2022-04-14 09:04:59
687,rb2210,SHFE,0_0_     1141656,     1624027,空,平今,4968.0,4,2022-04-14 09:05:05
688,rb2210,SHFE,0_0_     1144483,     1629721,空,平今,4975.0,3,2022-04-14 09:05:29
689,rb2210,SHFE,0_0_     1150918,     1639927,多,开,4974.0,4,2022-04-14 09:06:22
690,rb2210,SHFE,0_0_     1162148,     1654037,空,平今,4972.0,1,2022-04-14 09:07:51
691,rb2210,SHFE,0_0_     1141810,     1660543,多,开,4967.0,4,2022-04-14 09:08:34
692,rb2210,SHFE,0_0_     1168774,     1660598,空,平今,4968.0,3,2022-04-14 09:08:35
693,rb2210,SHFE,0_0_     1168774,     1660606,空,平今,4968.0,1,2022-04-14 09:08:35
694,rb2210,SHFE,0_0_     1168807,     1660626,空,平今,4968.0,3,2022-04-14 09:08:35
695,rb2210,SHFE,0_0_     1183782,     1678066,空,开,4963.0,1,2022-04-14 09:10:38
696,rb2210,SHFE,0_0_     1183782,     1678068,空,开,4963.0,2,2022-04-14 09:10:38
697,rb2210,SHFE,0_0_     1183782,     1678074,空,开,4963.0,1,2022-04-14 09:10:38
698,rb2210,SHFE,0_0_     1184718,     1680415,多,开,4959.0,8,2022-04-14 09:10:45
699,rb2210,SHFE,0_0_     1198768,     1700296,空,平今,4963.0,8,2022-04-14 09:13:00
700,rb2210,SHFE,0_0_     1202803,     1700802,多,开,4962.0,1,2022-04-14 09:13:03
701,rb2210,SHFE,0_0_     1202803,     1700811,多,开,4962.0,1,2022-04-14 09:13:03
702,rb2210,SHFE,0_0_     1202803,     1700812,多,开,4962.0,1,2022-04-14 09:13:03
703,rb2210,SHFE,0_0_     1202803,     1700814,多,开,4962.0,1,2022-04-14 09:13:03
704,rb2210,SHFE,0_0_     1204884,     1703464,多,平今,4962.0,1,2022-04-14 09:13:21
705,rb2210,SHFE,0_0_     1204884,     1703723,多,平今,4962.0,1,2022-04-14 09:13:23
706,rb2210,SHFE,0_0_     1205406,     1703889,空,平今,4963.0,1,2022-04-14 09:13:24
707,rb2210,SHFE,0_0_     1193919,     1708229,多,平今,4958.0,2,2022-04-14 09:14:05
708,rb2210,SHFE,0_0_     1208240,     1708998,空,开,4961.0,2,2022-04-14 09:14:10
709,rb2210,SHFE,0_0_     1208240,     1709003,空,开,4961.0,4,2022-04-14 09:14:10
710,rb2210,SHFE,0_0_     1209870,     1709828,多,平今,4961.0,4,2022-04-14 09:14:13
711,rb2210,SHFE,0_0_     1212243,     1712210,多,平今,4961.0,1,2022-04-14 09:14:35
712,rb2210,SHFE,0_0_     1209549,     1712694,多,开,4960.0,1,2022-04-14 09:14:36
713,rb2210,SHFE,0_0_     1209549,     1712788,多,开,4960.0,2,2022-04-14 09:14:37
714,rb2210,SHFE,0_0_     1209549,     1712819,多,开,4960.0,1,2022-04-14 09:14:37
715,rb2210,SHFE,0_0_     1213654,     1714195,空,开,4961.0,2,2022-04-14 09:14:50
716,rb2210,SHFE,0_0_     1213654,     1714210,空,开,4961.0,1,2022-04-14 09:14:50
717,rb2210,SHFE,0_0_     1213654,     1714314,空,开,4961.0,1,2022-04-14 09:14:50
718,rb2210,SHFE,0_0_     1216375,     1716730,空,平今,4960.0,3,2022-04-14 09:15:05
719,rb2210,SHFE,0_0_     1214127,     1716910,空,平今,4961.000000000001,1,2022-04-14 09:15:06
720,rb2210,SHFE,0_0_     1217363,     1716978,多,开,4960.0,1,2022-04-14 09:15:06
721,rb2210,SHFE,0_0_     1217363,     1716979,多,开,4960.0,1,2022-04-14 09:15:06
722,rb2210,SHFE,0_0_     1217363,     1716980,多,开,4960.0,3,2022-04-14 09:15:06
723,rb2210,SHFE,0_0_     1217364,     1717139,空,平今,4961.0,5,2022-04-14 09:15:06
724,rb2210,SHFE,0_0_     1218255,     1718579,多,平今,4963.0,2,2022-04-14 09:15:11
725,rb2210,SHFE,0_0_     1220598,     1720752,多,开,4965.0,1,2022-04-14 09:15:23
726,rb2210,SHFE,0_0_     1221326,     1721918,空,平今,4966.0,3,2022-04-14 09:15:31
727,rb2210,SHFE,0_0_     1222201,     1721929,多,开,4965.0,3,2022-04-14 09:15:31
728,rb2210,SHFE,0_0_     1222205,     1733743,空,平今,4966.0,3,2022-04-14 09:17:06
729,rb2210,SHFE,0_0_     1237070,     1735978,空,开,4968.0,1,2022-04-14 09:17:22
730,rb2210,SHFE,0_0_     1237070,     1735979,空,开,4968.0,2,2022-04-14 09:17:22
731,rb2210,SHFE,0_0_     1237070,     1735989,空,开,4968.0,1,2022-04-14 09:17:22
732,rb2210,SHFE,0_0_     1237297,     1737425,多,平今,4967.0,4,2022-04-14 09:17:35
733,rb2210,SHFE,0_0_     1238877,     1737937,空,开,4968.0,4,2022-04-14 09:17:37
734,rb2210,SHFE,0_0_     1241336,     1740523,空,平今,4969.0,1,2022-04-14 09:18:00
735,rb2210,SHFE,0_0_     1249127,     1750151,多,平今,4971.0,4,2022-04-14 09:19:09
736,rb2210,SHFE,0_0_     1250213,     1751446,空,开,4971.0,2,2022-04-14 09:19:18
737,rb2210,SHFE,0_0_     1235211,     1758756,多,开,4965.0,1,2022-04-14 09:20:10
738,rb2210,SHFE,0_0_     1235211,     1758769,多,开,4965.0,1,2022-04-14 09:20:10
739,rb2210,SHFE,0_0_     1235211,     1759006,多,开,4965.0,1,2022-04-14 09:20:11
740,rb2210,SHFE,0_0_     1255535,     1759120,空,平今,4966.0,1,2022-04-14 09:20:12
741,rb2210,SHFE,0_0_     1260412,     1769384,空,平今,4967.0,1,2022-04-14 09:21:20
742,rb2210,SHFE,0_0_     1263733,     1771471,多,平今,4967.0,1,2022-04-14 09:21:35
743,rb2210,SHFE,0_0_     1264423,     1773654,空,平今,4968.0,1,2022-04-14 09:21:55
744,rb2210,SHFE,0_0_     1266686,     1774299,空,开,4969.000000000001,3,2022-04-14 09:21:58
745,rb2210,SHFE,0_0_     1270616,     1783474,多,开,4974.0,4,2022-04-14 09:22:30
746,rb2210,SHFE,0_0_     1271320,     1789915,多,平今,4974.0,1,2022-04-14 09:22:57
747,rb2210,SHFE,0_0_     1274032,     1791033,空,平今,4974.0,3,2022-04-14 09:23:00
748,rb2210,SHFE,0_0_     1274527,     1791117,空,平今,4974.0,1,2022-04-14 09:23:00
749,rb2210,SHFE,0_0_     1274530,     1792440,多,开,4973.0,4,2022-04-14 09:23:09
750,rb2210,SHFE,0_0_     1267636,     1793747,多,平今,4971.0,1,2022-04-14 09:23:19
751,rb2210,SHFE,0_0_     1266062,     1810342,多,平今,4967.0,2,2022-04-14 09:25:03
752,rb2210,SHFE,0_0_     1285634,     1810469,空,开,4967.0,2,2022-04-14 09:25:03
753,rb2210,SHFE,0_0_     1286283,     1812563,多,平今,4965.0,1,2022-04-14 09:25:10
754,rb2210,SHFE,0_0_     1286887,     1813461,多,平今,4964.0,1,2022-04-14 09:25:15
755,rb2210,SHFE,0_0_     1294150,     1825376,空,开,4969.0,1,2022-04-14 09:26:22
756,rb2210,SHFE,0_0_     1294150,     1825397,空,开,4969.0,1,2022-04-14 09:26:22
757,rb2210,SHFE,0_0_     1303105,     1835545,多,平今,4969.0,2,2022-04-14 09:27:32
758,rb2210,SHFE,0_0_     1309589,     1844973,空,平今,4963.0,1,2022-04-14 09:28:41
759,rb2210,SHFE,0_0_     1312093,     1847377,空,平今,4963.0,1,2022-04-14 09:29:04
760,rb2210,SHFE,0_0_     1312283,     1847825,空,平今,4962.0,1,2022-04-14 09:29:08
761,rb2210,SHFE,0_0_     1312735,     1860714,多,平今,4961.0,1,2022-04-14 09:30:50
762,rb2210,SHFE,0_0_     1326279,     1862293,多,开,4959.0,1,2022-04-14 09:30:56
763,rb2210,SHFE,0_0_     1326279,     1862294,多,开,4959.0,1,2022-04-14 09:30:56
764,rb2210,SHFE,0_0_     1326279,     1862295,多,开,4959.0,1,2022-04-14 09:30:56
765,rb2210,SHFE,0_0_     1326279,     1862315,多,开,4959.0,2,2022-04-14 09:30:56
766,rb2210,SHFE,0_0_     1326610,     1864297,空,平今,4960.0,1,2022-04-14 09:31:08
767,rb2210,SHFE,0_0_     1329327,     1867280,空,开,4957.0,1,2022-04-14 09:31:20
768,rb2210,SHFE,0_0_     1329327,     1867457,空,开,4957.0,1,2022-04-14 09:31:21
769,rb2210,SHFE,0_0_     1329327,     1867470,空,开,4957.0,1,2022-04-14 09:31:21
770,rb2210,SHFE,0_0_     1329327,     1867528,空,开,4957.0,1,2022-04-14 09:31:21
771,rb2210,SHFE,0_0_     1329327,     1867545,空,开,4957.0,1,2022-04-14 09:31:21
772,rb2210,SHFE,0_0_     1329327,     1867571,空,开,4957.0,1,2022-04-14 09:31:21
773,rb2210,SHFE,0_0_     1329281,     1869355,空,平今,4958.0,2,2022-04-14 09:31:26
774,rb2210,SHFE,0_0_     1330389,     1869472,多,平今,4957.0,3,2022-04-14 09:31:27
775,rb2210,SHFE,0_0_     1330405,     1871341,空,平今,4958.0,1,2022-04-14 09:31:41
776,rb2210,SHFE,0_0_     1330405,     1871382,空,平今,4958.0,1,2022-04-14 09:31:42
777,rb2210,SHFE,0_0_     1331911,     1871566,多,平今,4957.0,1,2022-04-14 09:31:44
778,rb2210,SHFE,0_0_     1332406,     1871759,空,开,4957.0,4,2022-04-14 09:31:46
779,rb2210,SHFE,0_0_     1332878,     1872893,多,平今,4956.0,4,2022-04-14 09:31:52
780,rb2210,SHFE,0_0_     1335758,     1876294,空,开,4956.0,1,2022-04-14 09:32:20
781,rb2210,SHFE,0_0_     1336688,     1877591,多,开,4956.0,7,2022-04-14 09:32:32
782,rb2210,SHFE,0_0_     1336848,     1877815,空,平今,4957.0,4,2022-04-14 09:32:34
783,rb2210,SHFE,0_0_     1337179,     1878086,空,平今,4957.0,1,2022-04-14 09:32:37
784,rb2210,SHFE,0_0_     1329827,     1880570,多,平今,4954.0,1,2022-04-14 09:33:03
785,rb2210,SHFE,0_0_     1340431,     1883345,空,平今,4951.0,1,2022-04-14 09:33:07
786,rb2210,SHFE,0_0_     1346337,     1893247,空,平今,4952.0,1,2022-04-14 09:34:09
787,rb2210,SHFE,0_0_     1340644,     1894779,多,平今,4949.0,4,2022-04-14 09:34:15
788,rb2210,SHFE,0_0_     1348001,     1894941,空,开,4950.0,4,2022-04-14 09:34:16
789,rb2210,SHFE,0_0_     1348239,     1894997,多,平今,4949.0,1,2022-04-14 09:34:17
790,rb2210,SHFE,0_0_     1348239,     1895416,多,平今,4949.0,1,2022-04-14 09:34:21
791,rb2210,SHFE,0_0_     1348239,     1895455,多,平今,4949.0,2,2022-04-14 09:34:21
792,rb2210,SHFE,0_0_     1350153,     1899799,多,开,4947.0,3,2022-04-14 09:34:48
793,rb2210,SHFE,0_0_     1352134,     1900067,空,平今,4948.0,3,2022-04-14 09:34:51
794,rb2210,SHFE,0_0_     1352542,     1902164,多,开,4947.0,4,2022-04-14 09:35:04
795,rb2210,SHFE,0_0_     1354177,     1902570,空,平今,4948.0,2,2022-04-14 09:35:06
796,rb2210,SHFE,0_0_     1354244,     1902575,空,平今,4948.0,3,2022-04-14 09:35:06
797,rb2210,SHFE,0_0_     1354530,     1902843,空,开,4948.0,3,2022-04-14 09:35:08
798,rb2210,SHFE,0_0_     1354723,     1903491,空,开,4949.0,2,2022-04-14 09:35:12
799,rb2210,SHFE,0_0_     1354967,     1903559,多,平今,4948.0,1,2022-04-14 09:35:13
800,rb2210,SHFE,0_0_     1355522,     1904477,多,平今,4948.0,1,2022-04-14 09:35:18
801,rb2210,SHFE,0_0_     1356565,     1905943,多,平今,4950.0,2,2022-04-14 09:35:24
802,rb2210,SHFE,0_0_     1358136,     1907552,空,开,4950.0,3,2022-04-14 09:35:37
803,rb2210,SHFE,0_0_     1356279,     1907718,多,平今,4949.0,1,2022-04-14 09:35:39
804,rb2210,SHFE,0_0_     1358364,     1907792,多,平今,4950.0,3,2022-04-14 09:35:40
805,rb2210,SHFE,0_0_     1354394,     1909173,多,开,4947.0,4,2022-04-14 09:35:50
806,rb2210,SHFE,0_0_     1354394,     1909190,多,开,4947.0,3,2022-04-14 09:35:50
807,rb2210,SHFE,0_0_     1359332,     1909530,空,平今,4948.0,2,2022-04-14 09:35:54
808,rb2210,SHFE,0_0_     1360106,     1909951,空,平今,4947.0,4,2022-04-14 09:35:56
809,rb2210,SHFE,0_0_     1362192,     1913176,多,开,4948.0,4,2022-04-14 09:36:16
810,rb2210,SHFE,0_0_     1363634,     1914359,多,开,4950.0,1,2022-04-14 09:36:30
811,rb2210,SHFE,0_0_     1363790,     1914737,空,平今,4951.0,2,2022-04-14 09:36:32
812,rb2210,SHFE,0_0_     1363790,     1914746,空,平今,4951.0,2,2022-04-14 09:36:32
813,rb2210,SHFE,0_0_     1364124,     1915493,多,开,4950.0,3,2022-04-14 09:36:40
814,rb2210,SHFE,0_0_     1364124,     1915504,多,开,4950.0,1,2022-04-14 09:36:40
815,rb2210,SHFE,0_0_     1379737,     1931935,空,平今,4951.0,2,2022-04-14 09:39:28
816,rb2210,SHFE,0_0_     1380547,     1932488,多,开,4950.000000000001,2,2022-04-14 09:39:32
817,rb2210,SHFE,0_0_     1381224,     1936145,空,开,4951.0,3,2022-04-14 09:40:06
818,rb2210,SHFE,0_0_     1375940,     1937448,空,平今,4956.0,2,2022-04-14 09:40:17
819,rb2210,SHFE,0_0_     1375940,     1937454,空,平今,4956.0,2,2022-04-14 09:40:17
820,rb2210,SHFE,0_0_     1385209,     1937652,多,开,4955.0,1,2022-04-14 09:40:19
821,rb2210,SHFE,0_0_     1385209,     1937654,多,开,4955.0,1,2022-04-14 09:40:19
822,rb2210,SHFE,0_0_     1385209,     1937667,多,开,4955.0,2,2022-04-14 09:40:19
823,rb2210,SHFE,0_0_     1385123,     1938009,多,开,4954.0,2,2022-04-14 09:40:21
824,rb2210,SHFE,0_0_     1388317,     1942294,空,平今,4952.0,4,2022-04-14 09:40:59
825,rb2210,SHFE,0_0_     1389321,     1943123,多,开,4951.0,4,2022-04-14 09:41:04
826,rb2210,SHFE,0_0_     1389910,     1943133,空,平今,4952.0,4,2022-04-14 09:41:04
827,rb2210,SHFE,0_0_     1394102,     1947259,多,平今,4952.0,1,2022-04-14 09:41:37
828,rb2210,SHFE,0_0_     1398507,     1951536,空,平今,4950.0,3,2022-04-14 09:42:16
829,rb2210,SHFE,0_0_     1398685,     1951831,多,平今,4950.0,1,2022-04-14 09:42:20
830,rb2210,SHFE,0_0_     1399063,     1952091,多,平今,4950.0,1,2022-04-14 09:42:23
831,rb2210,SHFE,0_0_     1400275,     1953592,多,开,4951.0,1,2022-04-14 09:42:42
832,rb2210,SHFE,0_0_     1400878,     1954102,多,开,4951.0,3,2022-04-14 09:42:50
833,rb2210,SHFE,0_0_     1400902,     1954144,多,开,4951.0,1,2022-04-14 09:42:50
834,rb2210,SHFE,0_0_     1394227,     1956275,空,平今,4953.0,1,2022-04-14 09:43:16
835,rb2210,SHFE,0_0_     1402721,     1957109,多,开,4953.0,1,2022-04-14 09:43:19
836,rb2210,SHFE,0_0_     1403867,     1957745,空,平今,4953.0,1,2022-04-14 09:43:24
837,rb2210,SHFE,0_0_     1403868,     1957752,空,平今,4954.0,1,2022-04-14 09:43:24
838,rb2210,SHFE,0_0_     1403868,     1957753,空,平今,4954.0,3,2022-04-14 09:43:24
839,rb2210,SHFE,0_0_     1404059,     1957977,多,开,4954.0,1,2022-04-14 09:43:28
840,rb2210,SHFE,0_0_     1404059,     1957978,多,开,4954.0,1,2022-04-14 09:43:28
841,rb2210,SHFE,0_0_     1404059,     1958002,多,开,4954.0,1,2022-04-14 09:43:28
842,rb2210,SHFE,0_0_     1404059,     1958026,多,开,4954.0,1,2022-04-14 09:43:28
843,rb2210,SHFE,0_0_     1404059,     1958028,多,开,4954.0,2,2022-04-14 09:43:28
844,rb2210,SHFE,0_0_     1404059,     1958034,多,开,4954.0,1,2022-04-14 09:43:28
845,rb2210,SHFE,0_0_     1406345,     1961234,空,平今,4955.0,1,2022-04-14 09:44:05
846,rb2210,SHFE,0_0_     1406388,     1961313,多,开,4954.0,1,2022-04-14 09:44:06
847,rb2210,SHFE,0_0_     1410739,     1964900,空,平今,4952.0,1,2022-04-14 09:44:58
848,rb2210,SHFE,0_0_     1411317,     1964946,空,平今,4952.0,2,2022-04-14 09:44:59
849,rb2210,SHFE,0_0_     1411317,     1964947,空,平今,4952.0,2,2022-04-14 09:44:59
850,rb2210,SHFE,0_0_     1411417,     1965109,多,开,4951.0,1,2022-04-14 09:45:00
851,rb2210,SHFE,0_0_     1411417,     1965110,多,开,4951.0,3,2022-04-14 09:45:00
852,rb2210,SHFE,0_0_     1411447,     1965158,空,平今,4952.0,6,2022-04-14 09:45:00
853,rb2210,SHFE,0_0_     1411457,     1965392,空,开,4952.0,4,2022-04-14 09:45:01
854,rb2210,SHFE,0_0_     1411630,     1965464,空,平今,4952.0,1,2022-04-14 09:45:01
855,rb2210,SHFE,0_0_     1414067,     1968032,多,开,4956.0,1,2022-04-14 09:45:24
856,rb2210,SHFE,0_0_     1411865,     1974298,多,开,4952.0,7,2022-04-14 09:46:44
857,rb2210,SHFE,0_0_     1411772,     1974545,多,平今,4951.0,1,2022-04-14 09:46:47
858,rb2210,SHFE,0_0_     1411772,     1974579,多,平今,4951.0,1,2022-04-14 09:46:48
859,rb2210,SHFE,0_0_     1411772,     1974583,多,平今,4951.0,2,2022-04-14 09:46:48
860,rb2210,SHFE,0_0_     1421908,     1975465,空,平今,4952.0,1,2022-04-14 09:47:00
861,rb2210,SHFE,0_0_     1421493,     1975708,空,平今,4953.0,1,2022-04-14 09:47:04
862,rb2210,SHFE,0_0_     1421493,     1975709,空,平今,4953.0,1,2022-04-14 09:47:04
863,rb2210,SHFE,0_0_     1421493,     1975771,空,平今,4953.0,5,2022-04-14 09:47:04
864,rb2210,SHFE,0_0_     1422888,     1976037,多,开,4952.0,5,2022-04-14 09:47:09
865,rb2210,SHFE,0_0_     1424064,     1977079,空,平今,4950.0,3,2022-04-14 09:47:18
866,rb2210,SHFE,0_0_     1423721,     1977938,空,平今,4951.0,1,2022-04-14 09:47:31
867,rb2210,SHFE,0_0_     1425133,     1980473,多,开,4950.0,1,2022-04-14 09:48:04
868,rb2210,SHFE,0_0_     1431947,     1983652,空,平今,4953.0,2,2022-04-14 09:48:43
869,rb2210,SHFE,0_0_     1438527,     1991187,多,开,4960.0,8,2022-04-14 09:49:46
870,rb2210,SHFE,0_0_     1438631,     1991371,空,平今,4960.0,1,2022-04-14 09:49:47
871,rb2210,SHFE,0_0_     1438713,     1991560,空,开,4960.0,8,2022-04-14 09:49:48
872,rb2210,SHFE,0_0_     1438845,     1991764,空,平今,4960.0,4,2022-04-14 09:49:51
873,rb2210,SHFE,0_0_     1438955,     1991946,多,平今,4959.000000000001,4,2022-04-14 09:49:53
874,rb2210,SHFE,0_0_     1439074,     1996784,空,开,4960.0,2,2022-04-14 09:50:20
875,rb2210,SHFE,0_0_     1439074,     1996796,空,开,4960.0,2,2022-04-14 09:50:20
876,rb2210,SHFE,0_0_     1443046,     1999059,多,平今,4960.0,3,2022-04-14 09:50:24
877,rb2210,SHFE,0_0_     1444209,     2001676,多,平今,4959.0,1,2022-04-14 09:50:36
878,rb2210,SHFE,0_0_     1464315,     2027278,多,平今,4960.000000000001,1,2022-04-14 09:53:43
879,rb2210,SHFE,0_0_     1464315,     2027281,多,平今,4960.000000000001,1,2022-04-14 09:53:43
880,rb2210,SHFE,0_0_     1464315,     2027287,多,平今,4960.000000000001,1,2022-04-14 09:53:43
881,rb2210,SHFE,0_0_     1464315,     2027308,多,平今,4960.000000000001,1,2022-04-14 09:53:43
882,rb2210,SHFE,0_0_     1465132,     2028824,空,开,4961.0,1,2022-04-14 09:53:55
883,rb2210,SHFE,0_0_     1465132,     2028827,空,开,4961.0,3,2022-04-14 09:53:55
884,rb2210,SHFE,0_0_     1467464,     2030887,空,开,4960.0,1,2022-04-14 09:54:12
885,rb2210,SHFE,0_0_     1467464,     2030888,空,开,4960.0,1,2022-04-14 09:54:12
886,rb2210,SHFE,0_0_     1467464,     2030982,空,开,4960.0,1,2022-04-14 09:54:13
887,rb2210,SHFE,0_0_     1467464,     2031070,空,开,4960.0,1,2022-04-14 09:54:14
888,rb2210,SHFE,0_0_     1470795,     2035632,空,平今,4960.0,2,2022-04-14 09:54:55
889,rb2210,SHFE,0_0_     1471715,     2039224,多,平今,4959.0,2,2022-04-14 09:55:06
890,rb2210,SHFE,0_0_     1474201,     2039367,空,开,4960.0,2,2022-04-14 09:55:07
891,rb2210,SHFE,0_0_     1478619,     2047163,多,平今,4956.0,4,2022-04-14 09:56:27
892,rb2210,SHFE,0_0_     1481377,     2047769,空,平今,4956.0,1,2022-04-14 09:56:35
893,rb2210,SHFE,0_0_     1482776,     2049043,空,开,4956.0,4,2022-04-14 09:56:55
894,rb2210,SHFE,0_0_     1491344,     2057083,多,平今,4952.0,1,2022-04-14 09:58:29
895,rb2210,SHFE,0_0_     1492012,     2057831,多,平今,4953.0,4,2022-04-14 09:58:37
896,rb2210,SHFE,0_0_     1492769,     2058713,多,开,4953.0,2,2022-04-14 09:58:51
897,rb2210,SHFE,0_0_     1492769,     2058754,多,开,4953.0,1,2022-04-14 09:58:53
898,rb2210,SHFE,0_0_     1492769,     2058763,多,开,4953.0,1,2022-04-14 09:58:53
899,rb2210,SHFE,0_0_     1494502,     2059118,空,平今,4953.000000000001,1,2022-04-14 09:59:00
900,rb2210,SHFE,0_0_     1496908,     2062206,空,平今,4950.0,1,2022-04-14 09:59:23
901,rb2210,SHFE,0_0_     1499548,     2064939,多,开,4951.0,2,2022-04-14 09:59:49
902,rb2210,SHFE,0_0_     1499548,     2064948,多,开,4951.0,1,2022-04-14 09:59:49
903,rb2210,SHFE,0_0_     1499548,     2065018,多,开,4951.0,3,2022-04-14 09:59:50
904,rb2210,SHFE,0_0_     1500801,     2066160,空,平今,4951.0,1,2022-04-14 09:59:58
905,rb2210,SHFE,0_0_     1501410,     2067719,空,平今,4950.0,2,2022-04-14 10:00:04
906,rb2210,SHFE,0_0_     1501410,     2067725,空,平今,4950.0,1,2022-04-14 10:00:04
907,rb2210,SHFE,0_0_     1500897,     2068165,空,平今,4951.0,4,2022-04-14 10:00:06
908,rb2210,SHFE,0_0_     1494614,     2069068,空,开,4953.0,1,2022-04-14 10:00:08
909,rb2210,SHFE,0_0_     1494614,     2069072,空,开,4953.0,3,2022-04-14 10:00:08
910,rb2210,SHFE,0_0_     1502388,     2069683,多,开,4953.0,1,2022-04-14 10:00:11
911,rb2210,SHFE,0_0_     1502388,     2069684,多,开,4953.0,2,2022-04-14 10:00:11
912,rb2210,SHFE,0_0_     1502388,     2069704,多,开,4953.0,1,2022-04-14 10:00:11
913,rb2210,SHFE,0_0_     1502388,     2069723,多,开,4953.0,2,2022-04-14 10:00:11
914,rb2210,SHFE,0_0_     1502388,     2069751,多,开,4953.0,1,2022-04-14 10:00:12
915,rb2210,SHFE,0_0_     1502388,     2069752,多,开,4953.0,1,2022-04-14 10:00:12
916,rb2210,SHFE,0_0_     1503255,     2070152,多,平今,4954.0,1,2022-04-14 10:00:14
917,rb2210,SHFE,0_0_     1503255,     2070154,多,平今,4954.0,1,2022-04-14 10:00:14
918,rb2210,SHFE,0_0_     1506649,     2073340,空,平今,4952.0,1,2022-04-14 10:00:40
919,rb2210,SHFE,0_0_     1506929,     2073504,空,平今,4952.0,1,2022-04-14 10:00:42
920,rb2210,SHFE,0_0_     1507492,     2074465,空,平今,4952.0,4,2022-04-14 10:00:49
921,rb2210,SHFE,0_0_     1508635,     2075231,空,开,4952.0,3,2022-04-14 10:00:56
922,rb2210,SHFE,0_0_     1517387,     2084970,空,平今,4954.0,1,2022-04-14 10:02:21
923,rb2210,SHFE,0_0_     1517505,     2084992,多,平今,4953.0,1,2022-04-14 10:02:22
924,rb2210,SHFE,0_0_     1513284,     2096995,多,平今,4950.0,3,2022-04-14 10:04:20
925,rb2210,SHFE,0_0_     1528435,     2097823,空,开,4951.0,3,2022-04-14 10:04:29
926,rb2210,SHFE,0_0_     1529321,     2098384,多,平今,4951.0,2,2022-04-14 10:04:34
927,rb2210,SHFE,0_0_     1530719,     2099857,多,平今,4953.0,3,2022-04-14 10:04:48
928,rb2210,SHFE,0_0_     1530981,     2100379,空,开,4953.0,2,2022-04-14 10:04:51
929,rb2210,SHFE,0_0_     1535774,     2105938,多,平今,4952.0,1,2022-04-14 10:05:22
930,rb2210,SHFE,0_0_     1536159,     2106417,空,开,4953.0,5,2022-04-14 10:05:25
931,rb2210,SHFE,0_0_     1536289,     2106945,多,开,4955.0,7,2022-04-14 10:05:26
932,rb2210,SHFE,0_0_     1537369,     2108033,空,平今,4953.0,8,2022-04-14 10:05:35
933,rb2210,SHFE,0_0_     1538289,     2109056,多,平今,4953.000000000001,4,2022-04-14 10:05:46
934,rb2210,SHFE,0_0_     1538699,     2109335,多,开,4952.0,1,2022-04-14 10:05:48
935,rb2210,SHFE,0_0_     1538699,     2109359,多,开,4952.0,2,2022-04-14 10:05:48
936,rb2210,SHFE,0_0_     1538699,     2109383,多,开,4952.0,4,2022-04-14 10:05:48
937,rb2210,SHFE,0_0_     1538699,     2109384,多,开,4952.0,1,2022-04-14 10:05:48
938,rb2210,SHFE,0_0_     1538909,     2109771,空,平今,4953.0,1,2022-04-14 10:05:52
939,rb2210,SHFE,0_0_     1538909,     2109788,空,平今,4953.0,1,2022-04-14 10:05:53
940,rb2210,SHFE,0_0_     1538909,     2109805,空,平今,4953.0,2,2022-04-14 10:05:53
941,rb2210,SHFE,0_0_     1538909,     2109823,空,平今,4953.0,3,2022-04-14 10:05:53
942,rb2210,SHFE,0_0_     1538909,     2109829,空,平今,4953.0,1,2022-04-14 10:05:53
943,rb2210,SHFE,0_0_     1539714,     2110157,多,开,4954.0,3,2022-04-14 10:05:56
944,rb2210,SHFE,0_0_     1539714,     2110158,多,开,4954.0,4,2022-04-14 10:05:56
945,rb2210,SHFE,0_0_     1540487,     2111477,空,平今,4953.0,1,2022-04-14 10:06:11
946,rb2210,SHFE,0_0_     1540487,     2111507,空,平今,4953.0,1,2022-04-14 10:06:11
947,rb2210,SHFE,0_0_     1540487,     2111510,空,平今,4953.0,1,2022-04-14 10:06:11
948,rb2210,SHFE,0_0_     1540487,     2111547,空,平今,4953.0,1,2022-04-14 10:06:12
949,rb2210,SHFE,0_0_     1543404,     2114068,空,平今,4959.0,1,2022-04-14 10:06:37
950,rb2210,SHFE,0_0_     1543570,     2114171,多,开,4958.000000000001,1,2022-04-14 10:06:38
951,rb2210,SHFE,0_0_     1543570,     2114172,多,开,4958.000000000001,1,2022-04-14 10:06:38
952,rb2210,SHFE,0_0_     1543570,     2114193,多,开,4958.0,1,2022-04-14 10:06:38
953,rb2210,SHFE,0_0_     1543570,     2114210,多,开,4958.0,1,2022-04-14 10:06:39
954,rb2210,SHFE,0_0_     1544641,     2115210,空,平今,4959.0,4,2022-04-14 10:06:49
955,rb2210,SHFE,0_0_     1545094,     2115703,多,平今,4959.0,1,2022-04-14 10:06:55
956,rb2210,SHFE,0_0_     1548436,     2119777,多,平今,4964.0,1,2022-04-14 10:07:30
957,rb2210,SHFE,0_0_     1549950,     2121905,多,平今,4965.0,2,2022-04-14 10:07:43
958,rb2210,SHFE,0_0_     1554724,     2126868,多,开,4965.0,2,2022-04-14 10:08:19
959,rb2210,SHFE,0_0_     1556287,     2128681,空,平今,4967.0,4,2022-04-14 10:08:31
960,rb2210,SHFE,0_0_     1556577,     2129003,多,开,4967.0,4,2022-04-14 10:08:33
961,rb2210,SHFE,0_0_     1556653,     2129240,空,平今,4967.0,1,2022-04-14 10:08:34
962,rb2210,SHFE,0_0_     1556653,     2129241,空,平今,4967.0,1,2022-04-14 10:08:34
963,rb2210,SHFE,0_0_     1556653,     2129244,空,平今,4967.0,1,2022-04-14 10:08:34
964,rb2210,SHFE,0_0_     1556748,     2130784,多,开,4966.0,3,2022-04-14 10:08:44
965,rb2210,SHFE,0_0_     1558996,     2132591,空,平今,4965.0,2,2022-04-14 10:08:56
966,rb2210,SHFE,0_0_     1560677,     2133819,空,平今,4963.000000000001,1,2022-04-14 10:09:11
967,rb2210,SHFE,0_0_     1560798,     2133929,空,开,4963.0,1,2022-04-14 10:09:12
968,rb2210,SHFE,0_0_     1560798,     2133947,空,开,4963.0,1,2022-04-14 10:09:12
969,rb2210,SHFE,0_0_     1560798,     2133949,空,开,4963.0,1,2022-04-14 10:09:12
970,rb2210,SHFE,0_0_     1560798,     2133968,空,开,4963.0,1,2022-04-14 10:09:12
971,rb2210,SHFE,0_0_     1560798,     2133970,空,开,4963.0,1,2022-04-14 10:09:12
972,rb2210,SHFE,0_0_     1560972,     2134069,多,平今,4963.0,1,2022-04-14 10:09:13
973,rb2210,SHFE,0_0_     1561034,     2136136,多,平今,4963.0,1,2022-04-14 10:09:31
974,rb2210,SHFE,0_0_     1562881,     2136251,空,开,4964.0,2,2022-04-14 10:09:33
975,rb2210,SHFE,0_0_     1564871,     2139507,多,开,4966.0,2,2022-04-14 10:09:59
976,rb2210,SHFE,0_0_     1564725,     2140304,多,平今,4965.0,4,2022-04-14 10:10:02
977,rb2210,SHFE,0_0_     1566849,     2141559,多,开,4966.0,1,2022-04-14 10:10:08
978,rb2210,SHFE,0_0_     1570284,     2146555,空,平今,4965.0,4,2022-04-14 10:10:53
979,rb2210,SHFE,0_0_     1570824,     2146753,空,开,4965.0,4,2022-04-14 10:10:54
980,rb2210,SHFE,0_0_     1563102,     2147380,多,平今,4963.0,1,2022-04-14 10:11:00
981,rb2210,SHFE,0_0_     1572125,     2148397,空,开,4963.0,1,2022-04-14 10:11:16
982,rb2210,SHFE,0_0_     1573423,     2150025,多,平今,4966.0,3,2022-04-14 10:11:30
983,rb2210,SHFE,0_0_     1574166,     2153729,多,开,4964.0,4,2022-04-14 10:12:08
984,rb2210,SHFE,0_0_     1577810,     2153969,空,平今,4965.0,2,2022-04-14 10:12:10
985,rb2210,SHFE,0_0_     1577908,     2154040,多,开,4964.0,2,2022-04-14 10:12:11
986,rb2210,SHFE,0_0_     1572890,     2154339,多,平今,4963.0,2,2022-04-14 10:12:15
987,rb2210,SHFE,0_0_     1577910,     2158655,空,开,4965.0,2,2022-04-14 10:13:09
988,rb2210,SHFE,0_0_     1577910,     2158657,空,开,4965.0,1,2022-04-14 10:13:09
989,rb2210,SHFE,0_0_     1577910,     2158675,空,开,4965.0,2,2022-04-14 10:13:10
990,rb2210,SHFE,0_0_     1585502,     2159810,多,平今,4964.0,2,2022-04-14 10:13:19
991,rb2210,SHFE,0_0_     1586744,     2161333,空,平今,4965.0,3,2022-04-14 10:13:39
992,rb2210,SHFE,0_0_     1587999,     2162423,多,平今,4964.000000000001,1,2022-04-14 10:13:53
993,rb2210,SHFE,0_0_     1589286,     2163708,多,平今,4962.0,1,2022-04-14 10:14:03
994,rb2210,SHFE,0_0_     1591938,     2175112,空,开,4960.0,7,2022-04-14 10:30:10
995,rb2210,SHFE,0_0_     1592690,     2179131,空,平今,4963.0,1,2022-04-14 10:30:37
996,rb2210,SHFE,0_0_     1591963,     2180086,多,平今,4960.0,3,2022-04-14 10:30:47
997,rb2210,SHFE,0_0_     1593026,     2180097,空,开,4961.0,3,2022-04-14 10:30:47
998,rb2210,SHFE,0_0_     1594785,     2185110,多,平今,4958.0,1,2022-04-14 10:31:30
999,rb2210,SHFE,0_0_     1594886,     2185403,多,平今,4958.0,1,2022-04-14 10:31:33
1000,rb2210,SHFE,0_0_     1594886,     2185411,多,平今,4958.0,2,2022-04-14 10:31:33
1001,rb2210,SHFE,0_0_     1594886,     2185412,多,平今,4958.0,1,2022-04-14 10:31:33
1002,rb2210,SHFE,0_0_     1595025,     2185537,空,开,4959.0,1,2022-04-14 10:31:35
1003,rb2210,SHFE,0_0_     1595067,     2185781,多,平今,4958.0,1,2022-04-14 10:31:39
1004,rb2210,SHFE,0_0_     1595242,     2186658,空,开,4959.0,1,2022-04-14 10:31:45
1005,rb2210,SHFE,0_0_     1595619,     2188466,多,平今,4958.0,2,2022-04-14 10:32:02
1006,rb2210,SHFE,0_0_     1610304,     2207407,空,开,4964.0,1,2022-04-14 10:34:58
1007,rb2210,SHFE,0_0_     1629393,     2221759,空,开,4964.0,2,2022-04-14 10:37:31
1008,rb2210,SHFE,0_0_     1634031,     2225557,多,平今,4964.0,2,2022-04-14 10:38:04
1009,rb2210,SHFE,0_0_     1637403,     2228335,空,开,4964.0,1,2022-04-14 10:38:21
1010,rb2210,SHFE,0_0_     1642729,     2231842,多,平今,4964.0,1,2022-04-14 10:39:06
1011,rb2210,SHFE,0_0_     1629692,     2232073,多,平今,4963.0,3,2022-04-14 10:39:10
1012,rb2210,SHFE,0_0_     1657839,     2240030,多,开,4964.0,2,2022-04-14 10:41:07
1013,rb2210,SHFE,0_0_     1660601,     2242744,空,开,4960.0,2,2022-04-14 10:41:40
1014,rb2210,SHFE,0_0_     1661243,     2242754,多,平今,4959.0,2,2022-04-14 10:41:40
1015,rb2210,SHFE,0_0_     1671709,     2250347,空,开,4956.0,4,2022-04-14 10:42:55
1016,rb2210,SHFE,0_0_     1675622,     2253649,多,平今,4956.0,1,2022-04-14 10:43:28
1017,rb2210,SHFE,0_0_     1676083,     2253896,多,平今,4956.0,2,2022-04-14 10:43:30
1018,rb2210,SHFE,0_0_     1676130,     2253951,多,开,4956.0,1,2022-04-14 10:43:30
1019,rb2210,SHFE,0_0_     1676130,     2253953,多,开,4956.0,1,2022-04-14 10:43:30
1020,rb2210,SHFE,0_0_     1677441,     2255307,空,平今,4955.0,1,2022-04-14 10:43:46
1021,rb2210,SHFE,0_0_     1678395,     2256018,空,平今,4954.0,1,2022-04-14 10:43:53
1022,rb2210,SHFE,0_0_     1678629,     2256447,多,开,4955.000000000001,2,2022-04-14 10:43:56
1023,rb2210,SHFE,0_0_     1678629,     2256448,多,开,4955.000000000001,1,2022-04-14 10:43:56
1024,rb2210,SHFE,0_0_     1678629,     2256450,多,开,4955.000000000001,1,2022-04-14 10:43:56
1025,rb2210,SHFE,0_0_     1681854,     2258759,空,平今,4955.0,3,2022-04-14 10:44:29
1026,rb2210,SHFE,0_0_     1686904,     2262811,空,平今,4958.0,2,2022-04-14 10:45:07
1027,rb2210,SHFE,0_0_     1689086,     2265204,多,开,4955.0,4,2022-04-14 10:45:34
1028,rb2210,SHFE,0_0_     1697607,     2273360,空,平今,4954.0,1,2022-04-14 10:46:46
1029,rb2210,SHFE,0_0_     1703764,     2279346,空,开,4953.0,3,2022-04-14 10:47:57
1030,rb2210,SHFE,0_0_     1709570,     2283517,多,平今,4951.000000000001,1,2022-04-14 10:48:36
1031,rb2210,SHFE,0_0_     1709842,     2284174,空,开,4952.0,1,2022-04-14 10:48:42
1032,rb2210,SHFE,0_0_     1711377,     2284907,空,开,4952.0,1,2022-04-14 10:48:54
1033,rb2210,SHFE,0_0_     1721674,     2295837,多,平今,4956.0,1,2022-04-14 10:50:38
1034,rb2210,SHFE,0_0_     1722066,     2296303,多,平今,4955.0,3,2022-04-14 10:50:43
1035,rb2210,SHFE,0_0_     1727307,     2302110,多,开,4957.0,1,2022-04-14 10:51:35
1036,rb2210,SHFE,0_0_     1728399,     2302977,空,平今,4958.0,4,2022-04-14 10:51:49
1037,rb2210,SHFE,0_0_     1731659,     2307168,多,开,4956.0,1,2022-04-14 10:52:32
1038,rb2210,SHFE,0_0_     1738308,     2313505,空,平今,4958.0,1,2022-04-14 10:53:52
1039,rb2210,SHFE,0_0_     1753410,     2330117,空,开,4960.0,1,2022-04-14 10:56:24
1040,rb2210,SHFE,0_0_     1753410,     2330216,空,开,4960.0,1,2022-04-14 10:56:25
1041,rb2210,SHFE,0_0_     1753410,     2330227,空,开,4960.0,1,2022-04-14 10:56:25
1042,rb2210,SHFE,0_0_     1738721,     2331036,多,开,4958.0,4,2022-04-14 10:56:34
1043,rb2210,SHFE,0_0_     1755358,     2331351,空,平今,4959.0,4,2022-04-14 10:56:39
1044,rb2210,SHFE,0_0_     1758867,     2334282,多,平今,4963.0,4,2022-04-14 10:57:06
1045,rb2210,SHFE,0_0_     1763510,     2339075,空,开,4966.0,4,2022-04-14 10:58:00
1046,rb2210,SHFE,0_0_     1764254,     2339130,多,开,4966.0,5,2022-04-14 10:58:00
1047,rb2210,SHFE,0_0_     1764303,     2339306,多,平今,4966.0,4,2022-04-14 10:58:01
1048,rb2210,SHFE,0_0_     1764671,     2341041,空,平今,4967.0,4,2022-04-14 10:58:24
1049,rb2210,SHFE,0_0_     1766241,     2341390,多,开,4966.0,1,2022-04-14 10:58:29
1050,rb2210,SHFE,0_0_     1766241,     2341391,多,开,4966.0,1,2022-04-14 10:58:29
1051,rb2210,SHFE,0_0_     1766241,     2341392,多,开,4966.0,1,2022-04-14 10:58:29
1052,rb2210,SHFE,0_0_     1766241,     2341508,多,开,4966.0,1,2022-04-14 10:58:30
1053,rb2210,SHFE,0_0_     1766662,     2341549,空,平今,4967.0,2,2022-04-14 10:58:31
1054,rb2210,SHFE,0_0_     1766818,     2341553,空,平今,4967.0,1,2022-04-14 10:58:31
1055,rb2210,SHFE,0_0_     1767128,     2342250,多,开,4967.0,1,2022-04-14 10:58:40
1056,rb2210,SHFE,0_0_     1769010,     2343733,空,平今,4968.0,4,2022-04-14 10:59:00
1057,rb2210,SHFE,0_0_     1769156,     2343765,多,开,4968.0,1,2022-04-14 10:59:00
1058,rb2210,SHFE,0_0_     1769156,     2343769,多,开,4968.0,1,2022-04-14 10:59:00
1059,rb2210,SHFE,0_0_     1769156,     2343825,多,开,4968.0,1,2022-04-14 10:59:01
1060,rb2210,SHFE,0_0_     1769156,     2343851,多,开,4968.0,1,2022-04-14 10:59:01
1061,rb2210,SHFE,0_0_     1769433,     2344289,空,平今,4969.0,1,2022-04-14 10:59:04
1062,rb2210,SHFE,0_0_     1769866,     2344896,多,开,4969.0,3,2022-04-14 10:59:08
1063,rb2210,SHFE,0_0_     1770000,     2344983,空,开,4970.000000000001,1,2022-04-14 10:59:09
1064,rb2210,SHFE,0_0_     1770000,     2344984,空,开,4970.000000000001,1,2022-04-14 10:59:09
1065,rb2210,SHFE,0_0_     1770000,     2344990,空,开,4970.000000000001,1,2022-04-14 10:59:09
1066,rb2210,SHFE,0_0_     1770000,     2344994,空,开,4970.0,4,2022-04-14 10:59:09
1067,rb2210,SHFE,0_0_     1770848,     2346096,多,平今,4971.0,2,2022-04-14 10:59:15
1068,rb2210,SHFE,0_0_     1770848,     2346097,多,平今,4971.0,1,2022-04-14 10:59:15
1069,rb2210,SHFE,0_0_     1771936,     2351127,空,平今,4973.0,1,2022-04-14 10:59:58
1070,rb2210,SHFE,0_0_     1774625,     2351932,多,平今,4973.0,3,2022-04-14 11:00:01
1071,rb2210,SHFE,0_0_     1774997,     2353401,多,开,4973.0,1,2022-04-14 11:00:06
1072,rb2210,SHFE,0_0_     1775599,     2353643,多,开,4973.0,1,2022-04-14 11:00:07
1073,rb2210,SHFE,0_0_     1775599,     2353648,多,开,4973.0,1,2022-04-14 11:00:08
1074,rb2210,SHFE,0_0_     1775839,     2354108,空,平今,4972.0,8,2022-04-14 11:00:10
1075,rb2210,SHFE,0_0_     1776148,     2354411,多,开,4972.0,4,2022-04-14 11:00:12
1076,rb2210,SHFE,0_0_     1770072,     2356999,多,平今,4969.0,1,2022-04-14 11:00:34
1077,rb2210,SHFE,0_0_     1780116,     2359304,空,平今,4970.0,1,2022-04-14 11:01:00
1078,rb2210,SHFE,0_0_     1781490,     2360227,多,开,4969.0,1,2022-04-14 11:01:07
1079,rb2210,SHFE,0_0_     1782667,     2360331,空,平今,4970.0,1,2022-04-14 11:01:09
1080,rb2210,SHFE,0_0_     1787923,     2366462,空,开,4969.0,6,2022-04-14 11:02:06
1081,rb2210,SHFE,0_0_     1787923,     2366482,空,开,4969.0,1,2022-04-14 11:02:06
1082,rb2210,SHFE,0_0_     1787923,     2366515,空,开,4969.0,1,2022-04-14 11:02:07
1083,rb2210,SHFE,0_0_     1791620,     2370129,多,开,4971.0,1,2022-04-14 11:02:49
1084,rb2210,SHFE,0_0_     1791620,     2370141,多,开,4971.0,1,2022-04-14 11:02:49
1085,rb2210,SHFE,0_0_     1791298,     2370437,多,平今,4970.0,8,2022-04-14 11:02:54
1086,rb2210,SHFE,0_0_     1792143,     2370490,空,平今,4970.0,1,2022-04-14 11:02:54
1087,rb2210,SHFE,0_0_     1792143,     2370506,空,平今,4970.0,2,2022-04-14 11:02:55
1088,rb2210,SHFE,0_0_     1793848,     2372277,空,平今,4971.0,2,2022-04-14 11:03:17
1089,rb2210,SHFE,0_0_     1794777,     2373537,多,开,4971.000000000001,2,2022-04-14 11:03:32
1090,rb2210,SHFE,0_0_     1795293,     2374137,多,开,4972.0,3,2022-04-14 11:03:36
1091,rb2210,SHFE,0_0_     1796296,     2375264,空,平今,4974.0,4,2022-04-14 11:03:42
1092,rb2210,SHFE,0_0_     1796549,     2375488,多,开,4974.0,4,2022-04-14 11:03:44
1093,rb2210,SHFE,0_0_     1811938,     2391844,空,开,4966.0,8,2022-04-14 11:06:20
1094,rb2210,SHFE,0_0_     1811202,     2392644,空,平今,4968.0,1,2022-04-14 11:06:26
1095,rb2210,SHFE,0_0_     1811202,     2392655,空,平今,4968.0,2,2022-04-14 11:06:27
1096,rb2210,SHFE,0_0_     1820742,     2403978,多,平今,4967.0,1,2022-04-14 11:08:06
1097,rb2210,SHFE,0_0_     1820742,     2403979,多,平今,4967.0,1,2022-04-14 11:08:06
1098,rb2210,SHFE,0_0_     1820742,     2404011,多,平今,4967.0,1,2022-04-14 11:08:06
1099,rb2210,SHFE,0_0_     1825491,     2410393,空,开,4963.0,2,2022-04-14 11:08:59
1100,rb2210,SHFE,0_0_     1825491,     2410394,空,开,4963.0,1,2022-04-14 11:08:59
1101,rb2210,SHFE,0_0_     1825807,     2411421,多,平今,4963.0,4,2022-04-14 11:09:05
1102,rb2210,SHFE,0_0_     1826625,     2412412,多,平今,4964.0,4,2022-04-14 11:09:13
1103,rb2210,SHFE,0_0_     1841005,     2429240,多,开,4959.0,3,2022-04-14 11:11:48
1104,rb2210,SHFE,0_0_     1841023,     2433868,空,平今,4960.0,3,2022-04-14 11:12:40
1105,rb2210,SHFE,0_0_     1859826,     2449623,空,开,4964.0,1,2022-04-14 11:15:38
1106,rb2210,SHFE,0_0_     1859826,     2449659,空,开,4964.0,1,2022-04-14 11:15:38
1107,rb2210,SHFE,0_0_     1859826,     2449735,空,开,4964.0,2,2022-04-14 11:15:39
1108,rb2210,SHFE,0_0_     1864685,     2459065,空,平今,4968.0,1,2022-04-14 11:17:30
1109,rb2210,SHFE,0_0_     1870001,     2459422,多,开,4968.0,4,2022-04-14 11:17:32
1110,rb2210,SHFE,0_0_     1880589,     2473214,空,平今,4975.0,2,2022-04-14 11:19:10
1111,rb2210,SHFE,0_0_     1880828,     2474952,多,开,4975.0,1,2022-04-14 11:19:18
1112,rb2210,SHFE,0_0_     1880828,     2475070,多,开,4975.0,1,2022-04-14 11:19:19
1113,rb2210,SHFE,0_0_     1880828,     2475073,多,开,4975.0,1,2022-04-14 11:19:19
1114,rb2210,SHFE,0_0_     1880828,     2475074,多,开,4975.0,1,2022-04-14 11:19:19
1115,rb2210,SHFE,0_0_     1881537,     2475446,空,平今,4976.0,3,2022-04-14 11:19:20
1116,rb2210,SHFE,0_0_     1882097,     2475894,空,平今,4975.0,1,2022-04-14 11:19:24
1117,rb2210,SHFE,0_0_     1882812,     2476782,多,平今,4975.0,1,2022-04-14 11:19:30
1118,rb2210,SHFE,0_0_     1883234,     2476842,空,平今,4976.0,1,2022-04-14 11:19:31
1119,rb2210,SHFE,0_0_     1884868,     2479318,空,平今,4974.0,1,2022-04-14 11:19:49
1120,rb2210,SHFE,0_0_     1887363,     2483053,空,平今,4973.0,1,2022-04-14 11:20:14
1121,rb2210,SHFE,0_0_     1887552,     2483566,多,平今,4971.0,1,2022-04-14 11:20:18
1122,rb2210,SHFE,0_0_     1887633,     2483602,空,开,4972.0,1,2022-04-14 11:20:19
1123,rb2210,SHFE,0_0_     1887817,     2483745,多,开,4972.0,4,2022-04-14 11:20:21
1124,rb2210,SHFE,0_0_     1887950,     2484440,多,平今,4972.0,1,2022-04-14 11:20:27
1125,rb2210,SHFE,0_0_     1887950,     2484441,多,平今,4972.0,1,2022-04-14 11:20:27
1126,rb2210,SHFE,0_0_     1887950,     2484442,多,平今,4972.0,1,2022-04-14 11:20:27
1127,rb2210,SHFE,0_0_     1888518,     2484765,空,平今,4973.0,4,2022-04-14 11:20:30
1128,rb2210,SHFE,0_0_     1883518,     2486326,空,开,4976.0,2,2022-04-14 11:20:44
1129,rb2210,SHFE,0_0_     1883518,     2486486,空,开,4976.0,2,2022-04-14 11:20:45
1130,rb2210,SHFE,0_0_     1890185,     2486523,多,平今,4975.0,2,2022-04-14 11:20:45
1131,rb2210,SHFE,0_0_     1890197,     2486660,空,开,4976.0,2,2022-04-14 11:20:45
1132,rb2210,SHFE,0_0_     1890206,     2486663,多,平今,4975.0,2,2022-04-14 11:20:45
1133,rb2210,SHFE,0_0_     1890207,     2486713,空,开,4976.0,2,2022-04-14 11:20:45
1134,rb2210,SHFE,0_0_     1890362,     2486811,多,平今,4975.0,1,2022-04-14 11:20:46
1135,rb2210,SHFE,0_0_     1890362,     2486814,多,平今,4975.0,1,2022-04-14 11:20:46
1136,rb2210,SHFE,0_0_     1890443,     2486830,多,开,4975.0,1,2022-04-14 11:20:46
1137,rb2210,SHFE,0_0_     1890443,     2486834,多,开,4975.0,3,2022-04-14 11:20:46
1138,rb2210,SHFE,0_0_     1890626,     2487167,空,平今,4974.0,1,2022-04-14 11:20:50
1139,rb2210,SHFE,0_0_     1890444,     2487327,空,开,4976.0,6,2022-04-14 11:20:51
1140,rb2210,SHFE,0_0_     1890778,     2487374,多,平今,4975.0,1,2022-04-14 11:20:51
1141,rb2210,SHFE,0_0_     1890778,     2487377,多,平今,4975.0,1,2022-04-14 11:20:51
1142,rb2210,SHFE,0_0_     1890778,     2487378,多,平今,4975.0,1,2022-04-14 11:20:51
1143,rb2210,SHFE,0_0_     1890778,     2487389,多,平今,4975.0,1,2022-04-14 11:20:51
1144,rb2210,SHFE,0_0_     1890778,     2487392,多,平今,4975.0,1,2022-04-14 11:20:51
1145,rb2210,SHFE,0_0_     1890778,     2487393,多,平今,4975.0,1,2022-04-14 11:20:51
1146,rb2210,SHFE,0_0_     1890778,     2487396,多,平今,4975.0,1,2022-04-14 11:20:51
1147,rb2210,SHFE,0_0_     1890787,     2487421,空,平今,4976.0,1,2022-04-14 11:20:51
1148,rb2210,SHFE,0_0_     1890787,     2487509,空,平今,4976.0,2,2022-04-14 11:20:51
1149,rb2210,SHFE,0_0_     1890862,     2487511,多,开,4975.0,1,2022-04-14 11:20:51
1150,rb2210,SHFE,0_0_     1890862,     2487513,多,开,4975.0,1,2022-04-14 11:20:51
1151,rb2210,SHFE,0_0_     1890869,     2487997,空,平今,4976.0,2,2022-04-14 11:20:56
1152,rb2210,SHFE,0_0_     1891252,     2488171,多,开,4976.0,4,2022-04-14 11:20:56
1153,rb2210,SHFE,0_0_     1891735,     2489860,空,平今,4977.0,2,2022-04-14 11:21:05
1154,rb2210,SHFE,0_0_     1892594,     2490418,空,开,4976.0,4,2022-04-14 11:21:08
1155,rb2210,SHFE,0_0_     1892801,     2490768,空,开,4976.0,3,2022-04-14 11:21:11
1156,rb2210,SHFE,0_0_     1892965,     2491018,多,平今,4976.0,4,2022-04-14 11:21:12
1157,rb2210,SHFE,0_0_     1893090,     2491037,空,开,4977.0,3,2022-04-14 11:21:12
1158,rb2210,SHFE,0_0_     1893090,     2491069,空,开,4977.0,1,2022-04-14 11:21:13
1159,rb2210,SHFE,0_0_     1893235,     2491171,空,平今,4977.0,2,2022-04-14 11:21:14
1160,rb2210,SHFE,0_0_     1893272,     2491210,多,平今,4976.0,4,2022-04-14 11:21:14
1161,rb2210,SHFE,0_0_     1893339,     2491382,多,平今,4976.0,4,2022-04-14 11:21:15
1162,rb2210,SHFE,0_0_     1893940,     2492278,空,开,4976.0,4,2022-04-14 11:21:23
1163,rb2210,SHFE,0_0_     1893358,     2492303,空,开,4977.0,4,2022-04-14 11:21:23
1164,rb2210,SHFE,0_0_     1894332,     2492328,多,平今,4976.0,1,2022-04-14 11:21:23
1165,rb2210,SHFE,0_0_     1894332,     2492332,多,平今,4976.0,1,2022-04-14 11:21:23
1166,rb2210,SHFE,0_0_     1894332,     2492373,多,平今,4976.0,1,2022-04-14 11:21:23
1167,rb2210,SHFE,0_0_     1894332,     2492374,多,平今,4976.0,1,2022-04-14 11:21:23
1168,rb2210,SHFE,0_0_     1894332,     2492375,多,平今,4976.0,1,2022-04-14 11:21:23
1169,rb2210,SHFE,0_0_     1894332,     2492380,多,平今,4976.0,1,2022-04-14 11:21:24
1170,rb2210,SHFE,0_0_     1894372,     2492859,空,开,4977.0,1,2022-04-14 11:21:27
1171,rb2210,SHFE,0_0_     1894752,     2493251,多,平今,4975.0,3,2022-04-14 11:21:31
1172,rb2210,SHFE,0_0_     1895048,     2493306,空,开,4975.0,3,2022-04-14 11:21:31
1173,rb2210,SHFE,0_0_     1896657,     2495471,多,平今,4979.0,1,2022-04-14 11:21:49
1174,rb2210,SHFE,0_0_     1897180,     2496889,多,平今,4984.0,1,2022-04-14 11:21:51
1175,rb2210,SHFE,0_0_     1897880,     2498416,空,开,4984.0,4,2022-04-14 11:21:54
1176,rb2210,SHFE,0_0_     1898065,     2498898,多,平今,4983.0,1,2022-04-14 11:21:57
1177,rb2210,SHFE,0_0_     1898223,     2499036,多,平今,4983.0,2,2022-04-14 11:21:57
1178,rb2210,SHFE,0_0_     1898255,     2499083,多,平今,4983.0,1,2022-04-14 11:21:58
1179,rb2210,SHFE,0_0_     1897105,     2499376,多,开,4982.0,3,2022-04-14 11:21:59
1180,rb2210,SHFE,0_0_     1897105,     2499542,多,开,4982.0,1,2022-04-14 11:22:00
1181,rb2210,SHFE,0_0_     1898339,     2500221,空,开,4984.0,4,2022-04-14 11:22:03
1182,rb2210,SHFE,0_0_     1899153,     2500725,多,平今,4984.0,1,2022-04-14 11:22:06
1183,rb2210,SHFE,0_0_     1899278,     2501113,空,平今,4985.0,3,2022-04-14 11:22:08
1184,rb2210,SHFE,0_0_     1899549,     2501161,多,平今,4984.000000000001,3,2022-04-14 11:22:08
1185,rb2210,SHFE,0_0_     1900102,     2501705,多,开,4983.0,4,2022-04-14 11:22:12
1186,rb2210,SHFE,0_0_     1901157,     2503283,空,平今,4983.0,2,2022-04-14 11:22:20
1187,rb2210,SHFE,0_0_     1901829,     2505352,空,平今,4984.0,2,2022-04-14 11:22:37
1188,rb2210,SHFE,0_0_     1899561,     2505557,空,开,4985.0,3,2022-04-14 11:22:38
1189,rb2210,SHFE,0_0_     1903385,     2505631,多,平今,4984.0,1,2022-04-14 11:22:39
1190,rb2210,SHFE,0_0_     1903385,     2505632,多,平今,4984.0,2,2022-04-14 11:22:39
1191,rb2210,SHFE,0_0_     1903880,     2506394,多,开,4984.0,1,2022-04-14 11:22:45
1192,rb2210,SHFE,0_0_     1903880,     2506408,多,开,4984.0,2,2022-04-14 11:22:46
1193,rb2210,SHFE,0_0_     1905582,     2509366,多,平今,4986.0,1,2022-04-14 11:23:01
1194,rb2210,SHFE,0_0_     1907042,     2512043,空,平今,4989.0,1,2022-04-14 11:23:14
1195,rb2210,SHFE,0_0_     1908653,     2515126,空,开,4990.0,4,2022-04-14 11:23:30
1196,rb2210,SHFE,0_0_     1908862,     2515423,多,平今,4989.0,4,2022-04-14 11:23:32
1197,rb2210,SHFE,0_0_     1909087,     2515752,空,平今,4990.0,1,2022-04-14 11:23:35
1198,rb2210,SHFE,0_0_     1909268,     2516025,多,开,4990.0,1,2022-04-14 11:23:37
1199,rb2210,SHFE,0_0_     1912371,     2520889,多,开,4988.0,1,2022-04-14 11:24:07
1200,rb2210,SHFE,0_0_     1909680,     2526823,空,平今,4991.0,3,2022-04-14 11:24:57
1201,rb2210,SHFE,0_0_     1917077,     2526954,多,开,4990.0,3,2022-04-14 11:24:57
1202,rb2210,SHFE,0_0_     1920453,     2532694,空,开,4986.0,1,2022-04-14 11:25:31
1203,rb2210,SHFE,0_0_     1920453,     2532701,空,开,4986.0,3,2022-04-14 11:25:31
1204,rb2210,SHFE,0_0_     1922230,     2534806,空,开,4985.0,3,2022-04-14 11:25:48
1205,rb2210,SHFE,0_0_     1924171,     2537079,多,平今,4988.0,2,2022-04-14 11:26:05
1206,rb2210,SHFE,0_0_     1924171,     2537082,多,平今,4988.0,1,2022-04-14 11:26:05
1207,rb2210,SHFE,0_0_     1924171,     2537084,多,平今,4988.0,1,2022-04-14 11:26:05
1208,rb2210,SHFE,0_0_     1930267,     2543864,空,开,4986.0,1,2022-04-14 11:27:03
1209,rb2210,SHFE,0_0_     1930267,     2543889,空,开,4986.0,2,2022-04-14 11:27:04
1210,rb2210,SHFE,0_0_     1925309,     2545666,空,平今,4988.0,1,2022-04-14 11:27:13
1211,rb2210,SHFE,0_0_     1935089,     2550349,多,平今,4987.0,6,2022-04-14 11:27:53
1212,rb2210,SHFE,0_0_     1933631,     2551966,空,开,4989.0,2,2022-04-14 11:28:03
1213,rb2210,SHFE,0_0_     1936608,     2552203,多,平今,4988.0,1,2022-04-14 11:28:05
1214,rb2210,SHFE,0_0_     1936608,     2552204,多,平今,4988.0,1,2022-04-14 11:28:05
1215,rb2210,SHFE,0_0_     1939198,     2555353,空,开,4987.0,3,2022-04-14 11:28:41
1216,rb2210,SHFE,0_0_     1940445,     2557041,空,开,4985.0,1,2022-04-14 11:28:56
1217,rb2210,SHFE,0_0_     1944371,     2590579,多,开,5012.0,5,2022-04-14 13:30:27
1218,rb2210,SHFE,0_0_     1944638,     2593067,空,平今,5013.0,1,2022-04-14 13:30:36
1219,rb2210,SHFE,0_0_     1944638,     2593071,空,平今,5013.0,1,2022-04-14 13:30:36
1220,rb2210,SHFE,0_0_     1944638,     2593074,空,平今,5013.0,1,2022-04-14 13:30:36
1221,rb2210,SHFE,0_0_     1944638,     2593089,空,平今,5013.0,1,2022-04-14 13:30:36
1222,rb2210,SHFE,0_0_     1944810,     2594712,多,开,5011.0,3,2022-04-14 13:30:42
1223,rb2210,SHFE,0_0_     1944849,     2595499,空,平今,5012.0,2,2022-04-14 13:30:45
1224,rb2210,SHFE,0_0_     1944849,     2595513,空,平今,5012.0,2,2022-04-14 13:30:45
1225,rb2210,SHFE,0_0_     1945266,     2599403,多,开,5015.0,5,2022-04-14 13:31:02
1226,rb2210,SHFE,0_0_     1945601,     2602675,空,平今,5018.0,4,2022-04-14 13:31:11
1227,rb2210,SHFE,0_0_     1945636,     2602763,多,平今,5017.0,3,2022-04-14 13:31:12
1228,rb2210,SHFE,0_0_     1945636,     2602769,多,平今,5017.0,1,2022-04-14 13:31:12
1229,rb2210,SHFE,0_0_     1945718,     2603754,多,开,5016.0,1,2022-04-14 13:31:15
1230,rb2210,SHFE,0_0_     1945756,     2603840,多,开,5016.0,1,2022-04-14 13:31:16
1231,rb2210,SHFE,0_0_     1945768,     2603982,空,开,5017.0,5,2022-04-14 13:31:17
