,code,exchange,orderid,tradeid,direction,offset,price,volume,datetime
0,rb2210,SHFE,0_0_         464,       35469,空,平昨,5030.0,1,2022-04-12 21:00:18
1,rb2210,SHFE,0_0_         885,       51160,多,平昨,5028.0,1,2022-04-12 21:00:34
2,rb2210,SHFE,0_0_         885,       51165,多,平昨,5028.0,1,2022-04-12 21:00:34
3,rb2210,SHFE,0_0_         935,       51238,空,平昨,5029.0,2,2022-04-12 21:00:34
4,rb2210,SHFE,0_0_        1009,       54043,空,开,5027.0,6,2022-04-12 21:00:37
5,rb2210,SHFE,0_0_        1409,       64630,多,平昨,5023.0,1,2022-04-12 21:00:51
6,rb2210,SHFE,0_0_        2411,       81717,多,平今,5020.0,4,2022-04-12 21:01:17
7,rb2210,SHFE,0_0_        2451,       83268,多,开,5020.0,4,2022-04-12 21:01:20
8,rb2210,SHFE,0_0_        3575,      103524,空,开,5022.0,2,2022-04-12 21:01:58
9,rb2210,SHFE,0_0_        3575,      103695,空,开,5022.0,2,2022-04-12 21:01:59
10,rb2210,SHFE,0_0_        4009,      108950,多,平今,5017.0,3,2022-04-12 21:02:06
11,rb2210,SHFE,0_0_        4013,      109065,空,开,5018.0,1,2022-04-12 21:02:06
12,rb2210,SHFE,0_0_        4013,      109081,空,开,5018.0,1,2022-04-12 21:02:06
13,rb2210,SHFE,0_0_        4013,      109088,空,开,5018.0,1,2022-04-12 21:02:06
14,rb2210,SHFE,0_0_        4022,      109244,多,平今,5017.0,3,2022-04-12 21:02:07
15,rb2210,SHFE,0_0_        4796,      122175,多,平今,5017.0,2,2022-04-12 21:02:28
16,rb2210,SHFE,0_0_        4965,      125421,多,开,5017.0,2,2022-04-12 21:02:35
17,rb2210,SHFE,0_0_        5188,      125960,空,平今,5018.0,2,2022-04-12 21:02:36
18,rb2210,SHFE,0_0_        5399,      128457,多,开,5017.0,3,2022-04-12 21:02:41
19,rb2210,SHFE,0_0_        5553,      128508,空,开,5018.0,6,2022-04-12 21:02:41
20,rb2210,SHFE,0_0_        5870,      131432,多,平今,5018.0,2,2022-04-12 21:02:47
21,rb2210,SHFE,0_0_        6192,      133325,空,平今,5018.0,1,2022-04-12 21:02:52
22,rb2210,SHFE,0_0_        6192,      133326,空,平今,5018.0,1,2022-04-12 21:02:52
23,rb2210,SHFE,0_0_        6643,      137955,多,平今,5017.0,3,2022-04-12 21:03:03
24,rb2210,SHFE,0_0_        7382,      141678,空,开,5015.0,2,2022-04-12 21:03:09
25,rb2210,SHFE,0_0_        7382,      141689,空,开,5015.0,1,2022-04-12 21:03:09
26,rb2210,SHFE,0_0_        7455,      142058,空,平昨,5014.0,1,2022-04-12 21:03:10
27,rb2210,SHFE,0_0_        8449,      148165,空,平今,5018.0,3,2022-04-12 21:03:23
28,rb2210,SHFE,0_0_        8449,      148193,空,平今,5018.0,1,2022-04-12 21:03:23
29,rb2210,SHFE,0_0_        9222,      152750,多,平今,5017.0,4,2022-04-12 21:03:35
30,rb2210,SHFE,0_0_       10307,      155627,多,开,5019.0,4,2022-04-12 21:03:44
31,rb2210,SHFE,0_0_       10605,      156822,空,开,5018.0,2,2022-04-12 21:03:48
32,rb2210,SHFE,0_0_       13604,      167038,空,平今,5017.0,5,2022-04-12 21:04:17
33,rb2210,SHFE,0_0_       14486,      169766,空,开,5016.0,1,2022-04-12 21:04:28
34,rb2210,SHFE,0_0_       14486,      169784,空,开,5016.0,1,2022-04-12 21:04:28
35,rb2210,SHFE,0_0_       14486,      169793,空,开,5016.0,2,2022-04-12 21:04:28
36,rb2210,SHFE,0_0_       15880,      173415,多,平今,5013.0,3,2022-04-12 21:04:40
37,rb2210,SHFE,0_0_       15882,      173453,空,开,5014.0,2,2022-04-12 21:04:40
38,rb2210,SHFE,0_0_       15882,      173506,空,开,5014.0,1,2022-04-12 21:04:40
39,rb2210,SHFE,0_0_       15915,      174553,多,平今,5013.0,3,2022-04-12 21:04:44
40,rb2210,SHFE,0_0_       16254,      174787,空,开,5014.0,2,2022-04-12 21:04:45
41,rb2210,SHFE,0_0_       16254,      174794,空,开,5014.0,1,2022-04-12 21:04:45
42,rb2210,SHFE,0_0_       17200,      177090,多,平今,5016.0,1,2022-04-12 21:04:53
43,rb2210,SHFE,0_0_       17200,      177128,多,平今,5016.0,1,2022-04-12 21:04:53
44,rb2210,SHFE,0_0_       17200,      177135,多,平今,5016.0,2,2022-04-12 21:04:53
45,rb2210,SHFE,0_0_       17463,      177605,多,平今,5016.0,2,2022-04-12 21:04:55
46,rb2210,SHFE,0_0_       16227,      183643,多,平昨,5013.0,1,2022-04-12 21:05:08
47,rb2210,SHFE,0_0_       20416,      184579,空,开,5014.0,3,2022-04-12 21:05:10
48,rb2210,SHFE,0_0_       20689,      184969,多,平今,5013.0,4,2022-04-12 21:05:10
49,rb2210,SHFE,0_0_       20847,      185087,空,开,5014.0,1,2022-04-12 21:05:11
50,rb2210,SHFE,0_0_       20847,      185090,空,开,5014.0,3,2022-04-12 21:05:11
51,rb2210,SHFE,0_0_       20900,      185267,多,平今,5013.0,2,2022-04-12 21:05:11
52,rb2210,SHFE,0_0_       20900,      185305,多,平今,5013.0,1,2022-04-12 21:05:11
53,rb2210,SHFE,0_0_       20900,      185434,多,平今,5013.0,1,2022-04-12 21:05:11
54,rb2210,SHFE,0_0_       21122,      185794,多,开,5013.0,1,2022-04-12 21:05:12
55,rb2210,SHFE,0_0_       21264,      189566,空,平今,5014.0,1,2022-04-12 21:05:20
56,rb2210,SHFE,0_0_       22678,      189723,多,开,5013.0,1,2022-04-12 21:05:20
57,rb2210,SHFE,0_0_       22822,      189907,空,平今,5014.0,1,2022-04-12 21:05:21
58,rb2210,SHFE,0_0_       22903,      189963,多,开,5013.0,1,2022-04-12 21:05:21
59,rb2210,SHFE,0_0_       22947,      189971,空,平今,5014.0,1,2022-04-12 21:05:21
60,rb2210,SHFE,0_0_       22951,      191463,多,开,5013.0,2,2022-04-12 21:05:26
61,rb2210,SHFE,0_0_       19629,      193773,空,开,5016.0,1,2022-04-12 21:05:32
62,rb2210,SHFE,0_0_       19629,      193891,空,开,5016.0,3,2022-04-12 21:05:32
63,rb2210,SHFE,0_0_       24794,      194006,多,平今,5015.0,2,2022-04-12 21:05:33
64,rb2210,SHFE,0_0_       24816,      195166,多,开,5014.0,4,2022-04-12 21:05:36
65,rb2210,SHFE,0_0_       25692,      196341,空,平今,5015.0,4,2022-04-12 21:05:39
66,rb2210,SHFE,0_0_       30110,      203184,多,开,5017.0,3,2022-04-12 21:05:59
67,rb2210,SHFE,0_0_       39115,      218510,多,平今,5017.0,1,2022-04-12 21:06:49
68,rb2210,SHFE,0_0_       39115,      218518,多,平今,5017.0,1,2022-04-12 21:06:49
69,rb2210,SHFE,0_0_       30132,      218640,空,开,5018.0,6,2022-04-12 21:06:49
70,rb2210,SHFE,0_0_       40051,      219372,多,平今,5017.0,1,2022-04-12 21:06:52
71,rb2210,SHFE,0_0_       40051,      219384,多,平今,5017.0,5,2022-04-12 21:06:52
72,rb2210,SHFE,0_0_       40059,      219537,多,开,5017.0,1,2022-04-12 21:06:53
73,rb2210,SHFE,0_0_       40059,      219540,多,开,5017.0,1,2022-04-12 21:06:53
74,rb2210,SHFE,0_0_       40817,      220229,空,平今,5018.0,1,2022-04-12 21:06:55
75,rb2210,SHFE,0_0_       41346,      220589,空,平今,5018.0,4,2022-04-12 21:06:56
76,rb2210,SHFE,0_0_       50398,      239892,多,开,5020.0,1,2022-04-12 21:07:38
77,rb2210,SHFE,0_0_       52084,      244245,空,平今,5021.0,2,2022-04-12 21:07:50
78,rb2210,SHFE,0_0_       53240,      244369,多,开,5019.0,1,2022-04-12 21:07:50
79,rb2210,SHFE,0_0_       55162,      247795,空,平今,5019.0,2,2022-04-12 21:08:01
80,rb2210,SHFE,0_0_       41534,      249138,多,开,5017.0,2,2022-04-12 21:08:04
81,rb2210,SHFE,0_0_       41534,      249139,多,开,5017.0,1,2022-04-12 21:08:04
82,rb2210,SHFE,0_0_       41534,      249250,多,开,5017.0,1,2022-04-12 21:08:05
83,rb2210,SHFE,0_0_       56490,      249327,空,平今,5018.0,1,2022-04-12 21:08:05
84,rb2210,SHFE,0_0_       53328,      249513,空,开,5020.0,2,2022-04-12 21:08:05
85,rb2210,SHFE,0_0_       53328,      249516,空,开,5020.0,1,2022-04-12 21:08:05
86,rb2210,SHFE,0_0_       53328,      249545,空,开,5020.0,1,2022-04-12 21:08:05
87,rb2210,SHFE,0_0_       53328,      249560,空,开,5020.0,1,2022-04-12 21:08:05
88,rb2210,SHFE,0_0_       53328,      249570,空,开,5020.0,1,2022-04-12 21:08:05
89,rb2210,SHFE,0_0_       53328,      249571,空,开,5020.0,1,2022-04-12 21:08:05
90,rb2210,SHFE,0_0_       56674,      250113,多,平今,5019.0,4,2022-04-12 21:08:07
91,rb2210,SHFE,0_0_       56862,      253420,空,平今,5020.0,3,2022-04-12 21:08:15
92,rb2210,SHFE,0_0_       59640,      256303,多,开,5020.0,3,2022-04-12 21:08:22
93,rb2210,SHFE,0_0_       58762,      257526,多,平今,5019.0,2,2022-04-12 21:08:26
94,rb2210,SHFE,0_0_       60822,      257668,空,开,5020.0,3,2022-04-12 21:08:26
95,rb2210,SHFE,0_0_       60822,      257670,空,开,5020.0,1,2022-04-12 21:08:26
96,rb2210,SHFE,0_0_       63632,      261539,多,平今,5022.0,4,2022-04-12 21:08:40
97,rb2210,SHFE,0_0_       63758,      261664,空,平今,5022.0,1,2022-04-12 21:08:40
98,rb2210,SHFE,0_0_       63758,      261665,空,平今,5022.0,2,2022-04-12 21:08:40
99,rb2210,SHFE,0_0_       63885,      262001,多,开,5022.000000000001,1,2022-04-12 21:08:41
100,rb2210,SHFE,0_0_       68608,      271586,多,开,5022.0,4,2022-04-12 21:09:04
101,rb2210,SHFE,0_0_       72943,      279354,多,开,5025.0,1,2022-04-12 21:09:22
102,rb2210,SHFE,0_0_       74202,      282528,空,开,5026.0,1,2022-04-12 21:09:29
103,rb2210,SHFE,0_0_       74202,      282541,空,开,5026.0,3,2022-04-12 21:09:29
104,rb2210,SHFE,0_0_       74202,      282547,空,开,5026.0,1,2022-04-12 21:09:29
105,rb2210,SHFE,0_0_       74202,      282549,空,开,5026.0,1,2022-04-12 21:09:29
106,rb2210,SHFE,0_0_       74202,      282595,空,开,5026.0,1,2022-04-12 21:09:29
107,rb2210,SHFE,0_0_       74721,      283838,多,平今,5025.0,1,2022-04-12 21:09:32
108,rb2210,SHFE,0_0_       74721,      283852,多,平今,5025.0,1,2022-04-12 21:09:32
109,rb2210,SHFE,0_0_       74721,      283928,多,平今,5025.0,1,2022-04-12 21:09:32
110,rb2210,SHFE,0_0_       74721,      284069,多,平今,5025.0,1,2022-04-12 21:09:33
111,rb2210,SHFE,0_0_       76011,      285970,多,平今,5025.0,1,2022-04-12 21:09:38
112,rb2210,SHFE,0_0_       78648,      288878,空,平今,5026.0,2,2022-04-12 21:09:48
113,rb2210,SHFE,0_0_       78872,      289057,空,平今,5026.0,2,2022-04-12 21:09:48
114,rb2210,SHFE,0_0_       81507,      293679,多,平今,5025.0,1,2022-04-12 21:10:03
115,rb2210,SHFE,0_0_       71984,      296792,多,开,5023.0,1,2022-04-12 21:10:09
116,rb2210,SHFE,0_0_       84463,      298648,空,平今,5024.000000000001,1,2022-04-12 21:10:14
117,rb2210,SHFE,0_0_       86794,      302633,多,开,5025.0,2,2022-04-12 21:10:27
118,rb2210,SHFE,0_0_       87132,      303411,空,平今,5026.0,2,2022-04-12 21:10:29
119,rb2210,SHFE,0_0_       88377,      304741,多,平今,5027.0,1,2022-04-12 21:10:31
120,rb2210,SHFE,0_0_       89707,      308193,空,平今,5027.0,2,2022-04-12 21:10:39
121,rb2210,SHFE,0_0_       92159,      311542,多,开,5026.0,3,2022-04-12 21:10:51
122,rb2210,SHFE,0_0_       83937,      320352,多,开,5023.0,3,2022-04-12 21:11:16
123,rb2210,SHFE,0_0_       70052,      321776,多,开,5022.0,1,2022-04-12 21:11:20
124,rb2210,SHFE,0_0_       98696,      322776,空,平今,5023.0,1,2022-04-12 21:11:23
125,rb2210,SHFE,0_0_       99820,      323354,空,平今,5023.0,2,2022-04-12 21:11:24
126,rb2210,SHFE,0_0_       99835,      327626,多,开,5022.0,1,2022-04-12 21:11:39
127,rb2210,SHFE,0_0_       99835,      327628,多,开,5022.0,1,2022-04-12 21:11:39
128,rb2210,SHFE,0_0_       61740,      331568,多,平今,5020.0,1,2022-04-12 21:11:50
129,rb2210,SHFE,0_0_      105243,      332822,空,开,5021.0,1,2022-04-12 21:11:54
130,rb2210,SHFE,0_0_      105243,      332862,空,开,5021.0,1,2022-04-12 21:11:54
131,rb2210,SHFE,0_0_      105243,      333224,空,开,5021.0,1,2022-04-12 21:11:55
132,rb2210,SHFE,0_0_      105243,      333239,空,开,5021.0,1,2022-04-12 21:11:55
133,rb2210,SHFE,0_0_      106699,      333408,空,平今,5020.0,3,2022-04-12 21:11:56
134,rb2210,SHFE,0_0_      106699,      333409,空,平今,5020.0,2,2022-04-12 21:11:56
135,rb2210,SHFE,0_0_      105243,      333437,空,开,5021.0,2,2022-04-12 21:11:56
136,rb2210,SHFE,0_0_      105243,      333455,空,开,5021.0,1,2022-04-12 21:11:56
137,rb2210,SHFE,0_0_      106926,      333696,多,平今,5020.0,4,2022-04-12 21:11:57
138,rb2210,SHFE,0_0_      107578,      334892,多,平今,5020.0,3,2022-04-12 21:12:01
139,rb2210,SHFE,0_0_      142071,      379473,空,开,5017.0,1,2022-04-12 21:15:05
140,rb2210,SHFE,0_0_      142071,      379664,空,开,5017.0,1,2022-04-12 21:15:06
141,rb2210,SHFE,0_0_      142071,      379666,空,开,5017.0,4,2022-04-12 21:15:06
142,rb2210,SHFE,0_0_      142071,      379702,空,开,5017.0,2,2022-04-12 21:15:06
143,rb2210,SHFE,0_0_      145349,      384895,多,平今,5012.0,1,2022-04-12 21:15:23
144,rb2210,SHFE,0_0_      145582,      386555,空,平今,5013.000000000001,1,2022-04-12 21:15:29
145,rb2210,SHFE,0_0_      147476,      388116,多,开,5013.0,8,2022-04-12 21:15:34
146,rb2210,SHFE,0_0_      146789,      388767,多,平今,5012.0,3,2022-04-12 21:15:37
147,rb2210,SHFE,0_0_      151549,      392857,空,平今,5011.0,2,2022-04-12 21:15:51
148,rb2210,SHFE,0_0_      151549,      392859,空,平今,5011.0,1,2022-04-12 21:15:51
149,rb2210,SHFE,0_0_      151549,      392889,空,平今,5011.0,1,2022-04-12 21:15:51
150,rb2210,SHFE,0_0_      151549,      392927,空,平今,5011.0,1,2022-04-12 21:15:52
151,rb2210,SHFE,0_0_      151549,      392934,空,平今,5011.0,1,2022-04-12 21:15:52
152,rb2210,SHFE,0_0_      151549,      392935,空,平今,5011.0,1,2022-04-12 21:15:52
153,rb2210,SHFE,0_0_      151549,      392937,空,平今,5011.0,1,2022-04-12 21:15:52
154,rb2210,SHFE,0_0_      156713,      399315,多,开,5014.0,7,2022-04-12 21:16:16
155,rb2210,SHFE,0_0_      159887,      402742,多,平今,5013.0,1,2022-04-12 21:16:33
156,rb2210,SHFE,0_0_      160770,      407612,空,平今,5014.0,1,2022-04-12 21:16:55
157,rb2210,SHFE,0_0_      160770,      407634,空,平今,5014.0,1,2022-04-12 21:16:55
158,rb2210,SHFE,0_0_      163685,      409316,多,平今,5013.0,1,2022-04-12 21:17:00
159,rb2210,SHFE,0_0_      164740,      410040,空,平今,5014.0,3,2022-04-12 21:17:03
160,rb2210,SHFE,0_0_      164740,      410063,空,平今,5014.0,1,2022-04-12 21:17:03
161,rb2210,SHFE,0_0_      164740,      410078,空,平今,5014.0,1,2022-04-12 21:17:03
162,rb2210,SHFE,0_0_      165588,      412523,空,开,5014.0,4,2022-04-12 21:17:11
163,rb2210,SHFE,0_0_      166861,      413448,多,平今,5013.0,4,2022-04-12 21:17:14
164,rb2210,SHFE,0_0_      167340,      414786,空,开,5014.0,3,2022-04-12 21:17:19
165,rb2210,SHFE,0_0_      167340,      414960,空,开,5014.0,1,2022-04-12 21:17:20
166,rb2210,SHFE,0_0_      168051,      415059,多,平今,5013.0,1,2022-04-12 21:17:21
167,rb2210,SHFE,0_0_      168293,      416139,空,开,5014.0,3,2022-04-12 21:17:26
168,rb2210,SHFE,0_0_      169079,      418102,多,平今,5013.0,1,2022-04-12 21:17:37
169,rb2210,SHFE,0_0_      169079,      418103,多,平今,5013.0,1,2022-04-12 21:17:37
170,rb2210,SHFE,0_0_      170929,      418618,多,平今,5013.000000000001,1,2022-04-12 21:17:41
171,rb2210,SHFE,0_0_      170929,      418619,多,平今,5013.000000000001,1,2022-04-12 21:17:41
172,rb2210,SHFE,0_0_      171403,      419397,空,开,5013.0,2,2022-04-12 21:17:47
173,rb2210,SHFE,0_0_      171403,      419398,空,开,5013.0,1,2022-04-12 21:17:47
174,rb2210,SHFE,0_0_      171403,      419403,空,开,5013.0,1,2022-04-12 21:17:47
175,rb2210,SHFE,0_0_      168899,      419530,多,平今,5012.0,2,2022-04-12 21:17:48
176,rb2210,SHFE,0_0_      168899,      419555,多,平今,5012.0,2,2022-04-12 21:17:48
177,rb2210,SHFE,0_0_      172290,      422933,空,开,5013.0,3,2022-04-12 21:18:05
178,rb2210,SHFE,0_0_      172290,      422956,空,开,5013.0,1,2022-04-12 21:18:05
179,rb2210,SHFE,0_0_      174377,      423562,多,平今,5012.0,4,2022-04-12 21:18:09
180,rb2210,SHFE,0_0_      174883,      424238,多,平今,5012.0,3,2022-04-12 21:18:12
181,rb2210,SHFE,0_0_      172776,      431115,多,平今,5010.0,1,2022-04-12 21:18:42
182,rb2210,SHFE,0_0_      180715,      431127,空,开,5011.0,1,2022-04-12 21:18:42
183,rb2210,SHFE,0_0_      181976,      433155,多,平今,5009.0,1,2022-04-12 21:18:51
184,rb2210,SHFE,0_0_      182303,      436252,多,开,5009.0,3,2022-04-12 21:19:02
185,rb2210,SHFE,0_0_      182303,      436312,多,开,5009.0,2,2022-04-12 21:19:02
186,rb2210,SHFE,0_0_      182303,      436314,多,开,5009.0,3,2022-04-12 21:19:02
187,rb2210,SHFE,0_0_      185327,      438819,空,平今,5011.0,4,2022-04-12 21:19:12
188,rb2210,SHFE,0_0_      178482,      439497,空,开,5012.0,1,2022-04-12 21:19:16
189,rb2210,SHFE,0_0_      186563,      442372,多,开,5011.0,3,2022-04-12 21:19:29
190,rb2210,SHFE,0_0_      189017,      442791,空,开,5012.0,4,2022-04-12 21:19:32
191,rb2210,SHFE,0_0_      190331,      443819,空,平今,5012.0,1,2022-04-12 21:19:38
192,rb2210,SHFE,0_0_      190986,      444597,多,平今,5012.0,3,2022-04-12 21:19:42
193,rb2210,SHFE,0_0_      193111,      451871,空,平今,5011.0,1,2022-04-12 21:20:10
194,rb2210,SHFE,0_0_      196738,      453810,空,平今,5010.0,1,2022-04-12 21:20:17
195,rb2210,SHFE,0_0_      197191,      455318,多,平今,5009.000000000001,1,2022-04-12 21:20:21
196,rb2210,SHFE,0_0_      188854,      460666,空,平今,5013.0,4,2022-04-12 21:20:42
197,rb2210,SHFE,0_0_      201447,      464024,多,平今,5012.0,1,2022-04-12 21:20:56
198,rb2210,SHFE,0_0_      208928,      470303,空,开,5011.0,4,2022-04-12 21:21:27
199,rb2210,SHFE,0_0_      214891,      478579,空,开,5014.0,4,2022-04-12 21:22:08
200,rb2210,SHFE,0_0_      216272,      479737,多,平今,5013.0,1,2022-04-12 21:22:15
201,rb2210,SHFE,0_0_      209121,      482752,多,平今,5011.0,1,2022-04-12 21:22:34
202,rb2210,SHFE,0_0_      198227,      484706,多,开,5009.0,2,2022-04-12 21:22:43
203,rb2210,SHFE,0_0_      222618,      487358,多,平今,5009.0,1,2022-04-12 21:22:55
204,rb2210,SHFE,0_0_      223094,      487548,空,平今,5010.0,1,2022-04-12 21:22:56
205,rb2210,SHFE,0_0_      223270,      487597,多,平今,5009.0,1,2022-04-12 21:22:56
206,rb2210,SHFE,0_0_      223313,      488825,空,平今,5010.0,1,2022-04-12 21:23:04
207,rb2210,SHFE,0_0_      236564,      505024,多,开,5014.0,2,2022-04-12 21:24:29
208,rb2210,SHFE,0_0_      239982,      509690,多,开,5014.0,1,2022-04-12 21:24:51
209,rb2210,SHFE,0_0_      239982,      509754,多,开,5014.0,1,2022-04-12 21:24:51
210,rb2210,SHFE,0_0_      239982,      509834,多,开,5014.0,1,2022-04-12 21:24:51
211,rb2210,SHFE,0_0_      239982,      509967,多,开,5014.0,1,2022-04-12 21:24:51
212,rb2210,SHFE,0_0_      235577,      512472,多,平今,5013.0,1,2022-04-12 21:25:02
213,rb2210,SHFE,0_0_      246930,      518447,多,平今,5013.0,1,2022-04-12 21:25:29
214,rb2210,SHFE,0_0_      242255,      519043,空,平今,5015.0,1,2022-04-12 21:25:31
215,rb2210,SHFE,0_0_      248260,      520852,多,开,5015.000000000001,1,2022-04-12 21:25:36
216,rb2210,SHFE,0_0_      249317,      521998,空,平今,5015.0,1,2022-04-12 21:25:42
217,rb2210,SHFE,0_0_      249317,      522005,空,平今,5015.0,2,2022-04-12 21:25:42
218,rb2210,SHFE,0_0_      249559,      522780,多,开,5014.0,4,2022-04-12 21:25:45
219,rb2210,SHFE,0_0_      250639,      523997,空,开,5013.0,6,2022-04-12 21:25:50
220,rb2210,SHFE,0_0_      255577,      528129,多,平今,5014.0,2,2022-04-12 21:26:22
221,rb2210,SHFE,0_0_      255528,      528347,多,平今,5013.0,2,2022-04-12 21:26:24
222,rb2210,SHFE,0_0_      256020,      528963,空,开,5014.0,1,2022-04-12 21:26:29
223,rb2210,SHFE,0_0_      256020,      529073,空,开,5014.0,3,2022-04-12 21:26:30
224,rb2210,SHFE,0_0_      258796,      531613,多,平今,5013.0,1,2022-04-12 21:26:49
225,rb2210,SHFE,0_0_      258796,      531628,多,平今,5013.0,1,2022-04-12 21:26:49
226,rb2210,SHFE,0_0_      259056,      536379,空,平今,5014.0,1,2022-04-12 21:27:20
227,rb2210,SHFE,0_0_      249890,      538565,空,平今,5015.0,4,2022-04-12 21:27:34
228,rb2210,SHFE,0_0_      264670,      545261,多,开,5015.0,3,2022-04-12 21:28:14
229,rb2210,SHFE,0_0_      263510,      550665,多,平今,5013.0,1,2022-04-12 21:28:44
230,rb2210,SHFE,0_0_      263510,      550767,多,平今,5013.0,3,2022-04-12 21:28:44
231,rb2210,SHFE,0_0_      275238,      552384,空,开,5014.0,4,2022-04-12 21:28:51
232,rb2210,SHFE,0_0_      272230,      554005,空,平今,5015.0,2,2022-04-12 21:29:00
233,rb2210,SHFE,0_0_      285653,      563568,多,平今,5014.0,1,2022-04-12 21:29:52
234,rb2210,SHFE,0_0_      286217,      567188,空,平今,5015.0,3,2022-04-12 21:30:03
235,rb2210,SHFE,0_0_      288117,      573652,多,平今,5014.0,3,2022-04-12 21:30:33
236,rb2210,SHFE,0_0_      293578,      574707,空,开,5014.0,1,2022-04-12 21:30:37
237,rb2210,SHFE,0_0_      295485,      580165,空,开,5014.0,1,2022-04-12 21:31:02
238,rb2210,SHFE,0_0_      295485,      580230,空,开,5014.0,1,2022-04-12 21:31:03
239,rb2210,SHFE,0_0_      299045,      580859,多,平今,5013.0,1,2022-04-12 21:31:06
240,rb2210,SHFE,0_0_      224750,      584647,多,平今,5010.0,1,2022-04-12 21:31:27
241,rb2210,SHFE,0_0_      224316,      585529,多,平今,5009.0,1,2022-04-12 21:31:31
242,rb2210,SHFE,0_0_      304874,      587431,空,开,5010.0,2,2022-04-12 21:31:44
243,rb2210,SHFE,0_0_      304874,      587571,空,开,5010.0,2,2022-04-12 21:31:44
244,rb2210,SHFE,0_0_      323636,      611033,多,平今,5011.0,2,2022-04-12 21:33:28
245,rb2210,SHFE,0_0_      299519,      613085,空,开,5014.0,1,2022-04-12 21:33:40
246,rb2210,SHFE,0_0_      326959,      614435,多,平今,5013.0,1,2022-04-12 21:33:49
247,rb2210,SHFE,0_0_      334070,      619906,多,平今,5014.0,1,2022-04-12 21:34:19
248,rb2210,SHFE,0_0_      325308,      626859,多,开,5011.0,8,2022-04-12 21:35:03
249,rb2210,SHFE,0_0_      341121,      628371,空,平今,5012.0,1,2022-04-12 21:35:10
250,rb2210,SHFE,0_0_      344977,      631119,多,平今,5011.0,1,2022-04-12 21:35:22
251,rb2210,SHFE,0_0_      360964,      646800,空,平今,5008.0,1,2022-04-12 21:37:07
252,rb2210,SHFE,0_0_      360964,      646801,空,平今,5008.0,2,2022-04-12 21:37:07
253,rb2210,SHFE,0_0_      360964,      646802,空,平今,5008.0,2,2022-04-12 21:37:07
254,rb2210,SHFE,0_0_      360964,      646803,空,平今,5008.0,1,2022-04-12 21:37:07
255,rb2210,SHFE,0_0_      360964,      646804,空,平今,5008.0,1,2022-04-12 21:37:07
256,rb2210,SHFE,0_0_      309132,      648547,多,平今,5006.0,2,2022-04-12 21:37:18
257,rb2210,SHFE,0_0_      362767,      648577,空,开,5007.0,2,2022-04-12 21:37:18
258,rb2210,SHFE,0_0_      362770,      650991,多,平今,5006.000000000001,2,2022-04-12 21:37:37
259,rb2210,SHFE,0_0_      365425,      651428,空,开,5007.0,2,2022-04-12 21:37:39
260,rb2210,SHFE,0_0_      365636,      651668,多,开,5006.0,3,2022-04-12 21:37:42
261,rb2210,SHFE,0_0_      366042,      652078,空,平今,5007.0,1,2022-04-12 21:37:45
262,rb2210,SHFE,0_0_      366327,      652698,多,平今,5006.0,1,2022-04-12 21:37:50
263,rb2210,SHFE,0_0_      367011,      652792,空,开,5006.0,3,2022-04-12 21:37:51
264,rb2210,SHFE,0_0_      367079,      653073,多,平今,5006.0,1,2022-04-12 21:37:53
265,rb2210,SHFE,0_0_      367079,      653074,多,平今,5006.0,1,2022-04-12 21:37:53
266,rb2210,SHFE,0_0_      370518,      657668,多,开,5005.0,4,2022-04-12 21:38:20
267,rb2210,SHFE,0_0_      372159,      659772,空,平今,5005.000000000001,1,2022-04-12 21:38:31
268,rb2210,SHFE,0_0_      372159,      659773,空,平今,5005.000000000001,1,2022-04-12 21:38:31
269,rb2210,SHFE,0_0_      372159,      659774,空,平今,5005.000000000001,4,2022-04-12 21:38:31
270,rb2210,SHFE,0_0_      372538,      661303,多,开,5005.0,7,2022-04-12 21:38:39
271,rb2210,SHFE,0_0_      377086,      666184,空,开,5003.0,4,2022-04-12 21:38:58
272,rb2210,SHFE,0_0_      377314,      666783,多,平今,5002.0,4,2022-04-12 21:39:00
273,rb2210,SHFE,0_0_      377602,      667060,空,开,5003.0,6,2022-04-12 21:39:02
274,rb2210,SHFE,0_0_      378196,      667904,多,平今,5002.0,2,2022-04-12 21:39:06
275,rb2210,SHFE,0_0_      378807,      668988,空,开,5002.0,1,2022-04-12 21:39:12
276,rb2210,SHFE,0_0_      379635,      669207,多,平今,5002.0,2,2022-04-12 21:39:13
277,rb2210,SHFE,0_0_      379958,      669911,空,开,5002.0,1,2022-04-12 21:39:15
278,rb2210,SHFE,0_0_      381335,      672546,空,开,5001.0,2,2022-04-12 21:39:25
279,rb2210,SHFE,0_0_      382103,      673447,多,平今,5000.0,4,2022-04-12 21:39:28
280,rb2210,SHFE,0_0_      382363,      673873,多,平今,5001.0,4,2022-04-12 21:39:31
281,rb2210,SHFE,0_0_      382721,      674227,空,开,5002.0,1,2022-04-12 21:39:32
282,rb2210,SHFE,0_0_      383013,      674272,空,开,5002.0,7,2022-04-12 21:39:32
283,rb2210,SHFE,0_0_      382947,      674465,多,平今,5001.0,1,2022-04-12 21:39:33
284,rb2210,SHFE,0_0_      383345,      674789,多,平今,5001.000000000001,3,2022-04-12 21:39:36
285,rb2210,SHFE,0_0_      384948,      676762,空,开,5002.0,4,2022-04-12 21:39:49
286,rb2210,SHFE,0_0_      390943,      685825,多,平今,4995.0,1,2022-04-12 21:40:26
287,rb2210,SHFE,0_0_      390943,      685826,多,平今,4995.0,1,2022-04-12 21:40:26
288,rb2210,SHFE,0_0_      390943,      685827,多,平今,4995.0,1,2022-04-12 21:40:26
289,rb2210,SHFE,0_0_      390943,      685828,多,平今,4995.0,1,2022-04-12 21:40:26
290,rb2210,SHFE,0_0_      391055,      686064,多,平今,4995.0,4,2022-04-12 21:40:26
291,rb2210,SHFE,0_0_      391231,      686409,多,开,4996.000000000001,1,2022-04-12 21:40:27
292,rb2210,SHFE,0_0_      402443,      702408,空,平今,5001.0,1,2022-04-12 21:41:51
293,rb2210,SHFE,0_0_      403624,      703299,多,开,5000.0,1,2022-04-12 21:41:56
294,rb2210,SHFE,0_0_      406570,      707516,空,开,4998.0,8,2022-04-12 21:42:19
295,rb2210,SHFE,0_0_      407677,      714850,多,平今,4998.0,1,2022-04-12 21:43:10
296,rb2210,SHFE,0_0_      407677,      714852,多,平今,4998.0,1,2022-04-12 21:43:10
297,rb2210,SHFE,0_0_      407677,      714986,多,平今,4998.0,4,2022-04-12 21:43:11
298,rb2210,SHFE,0_0_      407677,      715122,多,平今,4998.0,2,2022-04-12 21:43:12
299,rb2210,SHFE,0_0_      414320,      716388,空,平今,4999.0,1,2022-04-12 21:43:22
300,rb2210,SHFE,0_0_      416911,      718250,空,平今,4999.0,1,2022-04-12 21:43:40
301,rb2210,SHFE,0_0_      416911,      718253,空,平今,4999.0,1,2022-04-12 21:43:40
302,rb2210,SHFE,0_0_      416911,      718258,空,平今,4999.0,1,2022-04-12 21:43:40
303,rb2210,SHFE,0_0_      416911,      718358,空,平今,4999.0,1,2022-04-12 21:43:40
304,rb2210,SHFE,0_0_      417065,      718361,空,平今,4999.0,1,2022-04-12 21:43:40
305,rb2210,SHFE,0_0_      418271,      718528,多,开,4998.0,2,2022-04-12 21:43:41
306,rb2210,SHFE,0_0_      425727,      726391,空,开,4998.0,4,2022-04-12 21:44:38
307,rb2210,SHFE,0_0_      439860,      747337,空,开,4993.0,1,2022-04-12 21:46:07
308,rb2210,SHFE,0_0_      440806,      748768,多,平今,4992.0,3,2022-04-12 21:46:09
309,rb2210,SHFE,0_0_      440812,      753526,空,开,4993.0,1,2022-04-12 21:46:19
310,rb2210,SHFE,0_0_      444301,      755058,多,开,4991.0,3,2022-04-12 21:46:27
311,rb2210,SHFE,0_0_      444301,      755066,多,开,4991.0,1,2022-04-12 21:46:27
312,rb2210,SHFE,0_0_      444679,      755521,空,平今,4991.0,1,2022-04-12 21:46:29
313,rb2210,SHFE,0_0_      446896,      758859,多,平今,4991.000000000001,2,2022-04-12 21:46:43
314,rb2210,SHFE,0_0_      449160,      762674,空,平今,4992.0,1,2022-04-12 21:47:01
315,rb2210,SHFE,0_0_      449337,      762852,空,平今,4992.0,3,2022-04-12 21:47:02
316,rb2210,SHFE,0_0_      449931,      763789,多,开,4992.0,2,2022-04-12 21:47:06
317,rb2210,SHFE,0_0_      450547,      766886,空,平今,4993.0,4,2022-04-12 21:47:20
318,rb2210,SHFE,0_0_      452571,      767790,多,开,4992.0,4,2022-04-12 21:47:26
319,rb2210,SHFE,0_0_      453470,      768064,空,平今,4993.0,4,2022-04-12 21:47:28
320,rb2210,SHFE,0_0_      454363,      768853,多,平今,4992.0,1,2022-04-12 21:47:34
321,rb2210,SHFE,0_0_      454663,      769116,空,平今,4993.0,1,2022-04-12 21:47:36
322,rb2210,SHFE,0_0_      455029,      769458,多,开,4992.0,4,2022-04-12 21:47:39
323,rb2210,SHFE,0_0_      457504,      772425,空,平今,4995.000000000001,2,2022-04-12 21:47:59
324,rb2210,SHFE,0_0_      428124,      773598,空,开,4997.0,2,2022-04-12 21:48:05
325,rb2210,SHFE,0_0_      459638,      775956,多,开,4997.0,3,2022-04-12 21:48:14
326,rb2210,SHFE,0_0_      458451,      776789,多,平今,4996.0,2,2022-04-12 21:48:20
327,rb2210,SHFE,0_0_      469077,      787004,空,开,4998.0,8,2022-04-12 21:49:33
328,rb2210,SHFE,0_0_      469360,      787352,多,平今,4997.0,8,2022-04-12 21:49:36
329,rb2210,SHFE,0_0_      476458,      795432,空,开,4995.0,1,2022-04-12 21:50:44
330,rb2210,SHFE,0_0_      476458,      795485,空,开,4995.0,1,2022-04-12 21:50:44
331,rb2210,SHFE,0_0_      476458,      795545,空,开,4995.0,1,2022-04-12 21:50:45
332,rb2210,SHFE,0_0_      476458,      795608,空,开,4995.0,1,2022-04-12 21:50:45
333,rb2210,SHFE,0_0_      476458,      795615,空,开,4995.0,1,2022-04-12 21:50:45
334,rb2210,SHFE,0_0_      476458,      795616,空,开,4995.0,1,2022-04-12 21:50:45
335,rb2210,SHFE,0_0_      476458,      795650,空,开,4995.0,1,2022-04-12 21:50:46
336,rb2210,SHFE,0_0_      476458,      795662,空,开,4995.0,1,2022-04-12 21:50:46
337,rb2210,SHFE,0_0_      482600,      802800,多,平今,4994.0,2,2022-04-12 21:51:35
338,rb2210,SHFE,0_0_      455349,      802881,多,开,4992.0,1,2022-04-12 21:51:35
339,rb2210,SHFE,0_0_      482683,      802945,空,平今,4993.0,1,2022-04-12 21:51:35
340,rb2210,SHFE,0_0_      482695,      804935,空,平今,4994.0,3,2022-04-12 21:51:46
341,rb2210,SHFE,0_0_      482695,      804966,空,平今,4994.0,1,2022-04-12 21:51:46
342,rb2210,SHFE,0_0_      483988,      805856,多,平今,4993.0,2,2022-04-12 21:51:54
343,rb2210,SHFE,0_0_      484984,      806542,空,开,4992.0,4,2022-04-12 21:51:57
344,rb2210,SHFE,0_0_      485102,      811278,多,平今,4991.0,4,2022-04-12 21:52:22
345,rb2210,SHFE,0_0_      488878,      811462,空,开,4992.0,4,2022-04-12 21:52:22
346,rb2210,SHFE,0_0_      488943,      811576,多,平今,4991.0,3,2022-04-12 21:52:23
347,rb2210,SHFE,0_0_      489099,      811883,空,开,4992.0,3,2022-04-12 21:52:26
348,rb2210,SHFE,0_0_      489289,      812028,多,平今,4991.0,6,2022-04-12 21:52:27
349,rb2210,SHFE,0_0_      489289,      812063,多,平今,4991.0,1,2022-04-12 21:52:28
350,rb2210,SHFE,0_0_      489409,      812549,空,开,4992.0,1,2022-04-12 21:52:30
351,rb2210,SHFE,0_0_      489409,      812550,空,开,4992.0,2,2022-04-12 21:52:30
352,rb2210,SHFE,0_0_      489409,      812563,空,开,4992.0,1,2022-04-12 21:52:30
353,rb2210,SHFE,0_0_      489971,      813152,多,平今,4991.0,2,2022-04-12 21:52:35
354,rb2210,SHFE,0_0_      490413,      813499,空,开,4992.0,2,2022-04-12 21:52:36
355,rb2210,SHFE,0_0_      490475,      814333,多,平今,4991.0,2,2022-04-12 21:52:43
356,rb2210,SHFE,0_0_      491235,      814416,空,开,4992.0,2,2022-04-12 21:52:44
357,rb2210,SHFE,0_0_      491443,      815539,多,平今,4992.0,1,2022-04-12 21:52:50
358,rb2210,SHFE,0_0_      491241,      816282,多,平今,4991.0,2,2022-04-12 21:52:55
359,rb2210,SHFE,0_0_      495297,      820189,多,开,4988.0,1,2022-04-12 21:53:10
360,rb2210,SHFE,0_0_      495297,      820190,多,开,4988.0,4,2022-04-12 21:53:10
361,rb2210,SHFE,0_0_      496095,      821825,空,平今,4990.0,1,2022-04-12 21:53:18
362,rb2210,SHFE,0_0_      496614,      822231,多,开,4989.0,3,2022-04-12 21:53:22
363,rb2210,SHFE,0_0_      496722,      822791,空,平今,4990.0,4,2022-04-12 21:53:24
364,rb2210,SHFE,0_0_      497667,      823784,空,平今,4989.0,3,2022-04-12 21:53:30
365,rb2210,SHFE,0_0_      497090,      825869,空,平今,4991.0,1,2022-04-12 21:53:52
366,rb2210,SHFE,0_0_      499210,      826463,多,开,4990.0,4,2022-04-12 21:53:59
367,rb2210,SHFE,0_0_      500469,      826811,空,平今,4989.0,1,2022-04-12 21:54:01
368,rb2210,SHFE,0_0_      492962,      828720,空,开,4992.0,1,2022-04-12 21:54:14
369,rb2210,SHFE,0_0_      492962,      828731,空,开,4992.0,1,2022-04-12 21:54:14
370,rb2210,SHFE,0_0_      501912,      828779,多,平今,4991.0,2,2022-04-12 21:54:15
371,rb2210,SHFE,0_0_      492969,      828826,空,开,4992.0,4,2022-04-12 21:54:15
372,rb2210,SHFE,0_0_      501974,      828992,多,平今,4991.0,1,2022-04-12 21:54:18
373,rb2210,SHFE,0_0_      501974,      828995,多,平今,4991.0,3,2022-04-12 21:54:18
374,rb2210,SHFE,0_0_      501975,      829003,多,开,4991.0,1,2022-04-12 21:54:18
375,rb2210,SHFE,0_0_      502185,      829479,空,平今,4991.0,3,2022-04-12 21:54:21
376,rb2210,SHFE,0_0_      502065,      829535,空,开,4992.0,5,2022-04-12 21:54:21
377,rb2210,SHFE,0_0_      502298,      830692,多,平今,4991.0,5,2022-04-12 21:54:29
378,rb2210,SHFE,0_0_      507997,      836098,多,开,4990.0,2,2022-04-12 21:55:07
379,rb2210,SHFE,0_0_      500944,      836331,多,开,4989.0,3,2022-04-12 21:55:09
380,rb2210,SHFE,0_0_      508283,      836475,空,平今,4990.0,4,2022-04-12 21:55:10
381,rb2210,SHFE,0_0_      508431,      837452,多,开,4989.0,1,2022-04-12 21:55:15
382,rb2210,SHFE,0_0_      508512,      837819,多,开,4989.0,1,2022-04-12 21:55:17
383,rb2210,SHFE,0_0_      510109,      838451,多,开,4989.0,1,2022-04-12 21:55:22
384,rb2210,SHFE,0_0_      498379,      838599,多,平今,4988.0,2,2022-04-12 21:55:23
385,rb2210,SHFE,0_0_      510175,      838650,空,平今,4989.0,4,2022-04-12 21:55:23
386,rb2210,SHFE,0_0_      510512,      839399,空,开,4989.0,1,2022-04-12 21:55:28
387,rb2210,SHFE,0_0_      510512,      839430,空,开,4989.0,1,2022-04-12 21:55:28
388,rb2210,SHFE,0_0_      510512,      839433,空,开,4989.0,1,2022-04-12 21:55:28
389,rb2210,SHFE,0_0_      511175,      840361,多,开,4988.0,4,2022-04-12 21:55:37
390,rb2210,SHFE,0_0_      512091,      840789,空,平今,4989.0,1,2022-04-12 21:55:39
391,rb2210,SHFE,0_0_      512091,      840803,空,平今,4989.0,3,2022-04-12 21:55:39
392,rb2210,SHFE,0_0_      512338,      842400,多,开,4988.0,1,2022-04-12 21:55:54
393,rb2210,SHFE,0_0_      512338,      842411,多,开,4988.0,3,2022-04-12 21:55:54
394,rb2210,SHFE,0_0_      516510,      848944,空,平今,4988.0,3,2022-04-12 21:56:36
395,rb2210,SHFE,0_0_      518703,      849055,多,平今,4987.0,3,2022-04-12 21:56:36
396,rb2210,SHFE,0_0_      519260,      849622,空,开,4988.0,4,2022-04-12 21:56:39
397,rb2210,SHFE,0_0_      527660,      860524,多,开,4990.0,5,2022-04-12 21:57:36
398,rb2210,SHFE,0_0_      530547,      864830,多,平今,4992.0,3,2022-04-12 21:58:06
399,rb2210,SHFE,0_0_      534604,      871762,空,平今,4993.0,7,2022-04-12 21:58:40
400,rb2210,SHFE,0_0_      536110,      873764,多,开,4993.0,1,2022-04-12 21:58:57
401,rb2210,SHFE,0_0_      536980,      875458,多,开,4993.0,1,2022-04-12 21:59:07
402,rb2210,SHFE,0_0_      540081,      877895,空,平今,4995.0,1,2022-04-12 21:59:26
403,rb2210,SHFE,0_0_      540177,      878606,多,开,4994.0,1,2022-04-12 21:59:29
404,rb2210,SHFE,0_0_      540774,      878872,空,开,4995.0,4,2022-04-12 21:59:30
405,rb2210,SHFE,0_0_      540870,      879268,多,平今,4994.0,2,2022-04-12 21:59:31
406,rb2210,SHFE,0_0_      541099,      879650,空,平今,4994.0,2,2022-04-12 21:59:34
407,rb2210,SHFE,0_0_      543305,      883142,空,开,4994.0,4,2022-04-12 21:59:52
408,rb2210,SHFE,0_0_      544899,      884714,多,平今,4995.0,1,2022-04-12 21:59:57
409,rb2210,SHFE,0_0_      544899,      884715,多,平今,4995.0,1,2022-04-12 21:59:57
410,rb2210,SHFE,0_0_      544899,      884716,多,平今,4995.0,1,2022-04-12 21:59:57
411,rb2210,SHFE,0_0_      544899,      884717,多,平今,4995.0,1,2022-04-12 21:59:57
412,rb2210,SHFE,0_0_      545545,      886936,多,开,4996.0,3,2022-04-12 22:00:01
413,rb2210,SHFE,0_0_      546392,      900250,多,平今,4996.0,1,2022-04-12 22:00:44
414,rb2210,SHFE,0_0_      552434,      901426,空,开,4998.0,1,2022-04-12 22:00:52
415,rb2210,SHFE,0_0_      552434,      901478,空,开,4998.0,3,2022-04-12 22:00:52
416,rb2210,SHFE,0_0_      553565,      901525,多,平今,4997.0,3,2022-04-12 22:00:52
417,rb2210,SHFE,0_0_      553728,      902099,空,开,4997.0,3,2022-04-12 22:00:56
418,rb2210,SHFE,0_0_      553942,      902232,多,平今,4996.0,3,2022-04-12 22:00:57
419,rb2210,SHFE,0_0_      544062,      903926,多,平今,4993.0,2,2022-04-12 22:01:07
420,rb2210,SHFE,0_0_      535199,      908495,多,开,4992.0,1,2022-04-12 22:01:40
421,rb2210,SHFE,0_0_      535199,      908509,多,开,4992.0,1,2022-04-12 22:01:40
422,rb2210,SHFE,0_0_      535199,      908597,多,开,4992.0,1,2022-04-12 22:01:41
423,rb2210,SHFE,0_0_      535199,      908598,多,开,4992.0,1,2022-04-12 22:01:41
424,rb2210,SHFE,0_0_      560515,      908796,空,平今,4993.0,2,2022-04-12 22:01:42
425,rb2210,SHFE,0_0_      530627,      909367,多,开,4991.0,1,2022-04-12 22:01:45
426,rb2210,SHFE,0_0_      557459,      911789,空,开,4995.0,1,2022-04-12 22:02:02
427,rb2210,SHFE,0_0_      557459,      911977,空,开,4995.0,1,2022-04-12 22:02:03
428,rb2210,SHFE,0_0_      562536,      911995,多,平今,4994.0,1,2022-04-12 22:02:03
429,rb2210,SHFE,0_0_      565162,      915437,空,平今,4989.0,2,2022-04-12 22:02:20
430,rb2210,SHFE,0_0_      566892,      918629,空,开,4985.0,3,2022-04-12 22:02:29
431,rb2210,SHFE,0_0_      566892,      918630,空,开,4985.0,1,2022-04-12 22:02:29
432,rb2210,SHFE,0_0_      566898,      918843,多,平今,4984.0,4,2022-04-12 22:02:29
433,rb2210,SHFE,0_0_      566946,      919771,空,开,4985.0,1,2022-04-12 22:02:32
434,rb2210,SHFE,0_0_      566946,      919811,空,开,4985.0,2,2022-04-12 22:02:32
435,rb2210,SHFE,0_0_      566946,      919821,空,开,4985.0,1,2022-04-12 22:02:32
436,rb2210,SHFE,0_0_      567346,      919983,多,平今,4984.0,4,2022-04-12 22:02:33
437,rb2210,SHFE,0_0_      567382,      920038,空,平今,4985.0,4,2022-04-12 22:02:33
438,rb2210,SHFE,0_0_      567544,      920686,多,平今,4985.0,2,2022-04-12 22:02:36
439,rb2210,SHFE,0_0_      567690,      920901,多,开,4985.0,1,2022-04-12 22:02:37
440,rb2210,SHFE,0_0_      567690,      920902,多,开,4985.0,1,2022-04-12 22:02:37
441,rb2210,SHFE,0_0_      567690,      920909,多,开,4985.0,1,2022-04-12 22:02:37
442,rb2210,SHFE,0_0_      567690,      920929,多,开,4985.0,1,2022-04-12 22:02:37
443,rb2210,SHFE,0_0_      567690,      920931,多,开,4985.0,4,2022-04-12 22:02:37
444,rb2210,SHFE,0_0_      567980,      921185,空,平今,4986.0,4,2022-04-12 22:02:39
445,rb2210,SHFE,0_0_      567794,      921207,空,平今,4987.0,4,2022-04-12 22:02:39
446,rb2210,SHFE,0_0_      572100,      926812,空,开,4986.0,8,2022-04-12 22:03:15
447,rb2210,SHFE,0_0_      578597,      935107,多,平今,4988.0,4,2022-04-12 22:04:23
448,rb2210,SHFE,0_0_      579564,      936625,空,开,4989.0,1,2022-04-12 22:04:36
449,rb2210,SHFE,0_0_      579564,      936770,空,开,4989.0,2,2022-04-12 22:04:37
450,rb2210,SHFE,0_0_      579564,      936981,空,开,4989.0,1,2022-04-12 22:04:38
451,rb2210,SHFE,0_0_      582278,      937131,多,平今,4988.0,1,2022-04-12 22:04:40
452,rb2210,SHFE,0_0_      582488,      937548,空,开,4989.0,1,2022-04-12 22:04:46
453,rb2210,SHFE,0_0_      582988,      937801,多,平今,4988.0,2,2022-04-12 22:04:49
454,rb2210,SHFE,0_0_      589715,      943528,多,平今,4988.0,1,2022-04-12 22:05:32
455,rb2210,SHFE,0_0_      589715,      943539,多,平今,4988.0,3,2022-04-12 22:05:32
456,rb2210,SHFE,0_0_      583292,      943791,空,开,4989.0,2,2022-04-12 22:05:35
457,rb2210,SHFE,0_0_      591698,      945713,多,开,4987.0,4,2022-04-12 22:05:44
458,rb2210,SHFE,0_0_      591895,      946045,多,开,4987.0,3,2022-04-12 22:05:46
459,rb2210,SHFE,0_0_      588151,      947360,多,平今,4985.0,1,2022-04-12 22:05:53
460,rb2210,SHFE,0_0_      586317,      947821,多,平今,4984.0,1,2022-04-12 22:05:55
461,rb2210,SHFE,0_0_      593802,      948640,空,平今,4984.0,3,2022-04-12 22:06:00
462,rb2210,SHFE,0_0_      594230,      949540,多,开,4984.0,2,2022-04-12 22:06:05
463,rb2210,SHFE,0_0_      594230,      949544,多,开,4984.0,1,2022-04-12 22:06:05
464,rb2210,SHFE,0_0_      594230,      949554,多,开,4984.0,1,2022-04-12 22:06:05
465,rb2210,SHFE,0_0_      593797,      949742,空,开,4985.0,4,2022-04-12 22:06:07
466,rb2210,SHFE,0_0_      605015,      960016,空,平今,4987.0,1,2022-04-12 22:07:34
467,rb2210,SHFE,0_0_      605502,      960261,空,平今,4987.0,1,2022-04-12 22:07:37
468,rb2210,SHFE,0_0_      605502,      960275,空,平今,4987.0,2,2022-04-12 22:07:37
469,rb2210,SHFE,0_0_      605502,      960286,空,平今,4987.0,1,2022-04-12 22:07:37
470,rb2210,SHFE,0_0_      594785,      972718,多,平今,4985.0,1,2022-04-12 22:09:17
471,rb2210,SHFE,0_0_      594921,      972727,多,平今,4985.0,1,2022-04-12 22:09:17
472,rb2210,SHFE,0_0_      621124,      975817,多,开,4988.0,3,2022-04-12 22:09:42
473,rb2210,SHFE,0_0_      621124,      975825,多,开,4988.0,1,2022-04-12 22:09:42
474,rb2210,SHFE,0_0_      621124,      975826,多,开,4988.0,1,2022-04-12 22:09:42
475,rb2210,SHFE,0_0_      622639,      977314,空,平今,4990.0,4,2022-04-12 22:10:00
476,rb2210,SHFE,0_0_      623011,      978038,多,开,4990.0,2,2022-04-12 22:10:03
477,rb2210,SHFE,0_0_      638129,      992752,多,开,4991.0,2,2022-04-12 22:11:54
478,rb2210,SHFE,0_0_      647829,     1000187,空,平今,4991.0,2,2022-04-12 22:13:09
479,rb2210,SHFE,0_0_      647881,     1000226,多,开,4990.0,2,2022-04-12 22:13:10
480,rb2210,SHFE,0_0_      647925,     1000255,空,平今,4991.0,1,2022-04-12 22:13:10
481,rb2210,SHFE,0_0_      647925,     1000268,空,平今,4991.0,1,2022-04-12 22:13:11
482,rb2210,SHFE,0_0_      648032,     1000442,多,开,4990.0,1,2022-04-12 22:13:13
483,rb2210,SHFE,0_0_      653415,     1003902,空,平今,4987.0,2,2022-04-12 22:14:02
484,rb2210,SHFE,0_0_      653766,     1008984,多,开,4986.0,1,2022-04-12 22:14:40
485,rb2210,SHFE,0_0_      653766,     1008985,多,开,4986.0,2,2022-04-12 22:14:40
486,rb2210,SHFE,0_0_      659595,     1010973,空,平今,4987.0,1,2022-04-12 22:14:56
487,rb2210,SHFE,0_0_      659595,     1010974,空,平今,4987.0,3,2022-04-12 22:14:56
488,rb2210,SHFE,0_0_      660833,     1011247,多,开,4986.000000000001,4,2022-04-12 22:14:59
489,rb2210,SHFE,0_0_      661054,     1013070,空,平今,4987.0,4,2022-04-12 22:15:11
490,rb2210,SHFE,0_0_      663091,     1015440,多,开,4986.0,1,2022-04-12 22:15:42
491,rb2210,SHFE,0_0_      663091,     1015441,多,开,4986.0,2,2022-04-12 22:15:42
492,rb2210,SHFE,0_0_      663091,     1015442,多,开,4986.0,1,2022-04-12 22:15:42
493,rb2210,SHFE,0_0_      672125,     1021643,空,平今,4988.0,1,2022-04-12 22:16:36
494,rb2210,SHFE,0_0_      672125,     1021774,空,平今,4988.0,3,2022-04-12 22:16:36
495,rb2210,SHFE,0_0_      672480,     1023617,多,开,4987.0,1,2022-04-12 22:16:47
496,rb2210,SHFE,0_0_      664116,     1026860,空,平今,4989.0,3,2022-04-12 22:17:07
497,rb2210,SHFE,0_0_      676318,     1043648,多,开,4988.0,3,2022-04-12 22:18:51
498,rb2210,SHFE,0_0_      690034,     1044519,空,开,4988.0,2,2022-04-12 22:18:58
499,rb2210,SHFE,0_0_      690034,     1044520,空,开,4988.0,2,2022-04-12 22:18:58
500,rb2210,SHFE,0_0_      689480,     1053313,空,平今,4989.0,2,2022-04-12 22:20:18
501,rb2210,SHFE,0_0_      689480,     1053342,空,平今,4989.0,1,2022-04-12 22:20:18
502,rb2210,SHFE,0_0_      697967,     1054080,多,平今,4988.0,2,2022-04-12 22:20:23
503,rb2210,SHFE,0_0_      699673,     1056067,空,平今,4986.0,1,2022-04-12 22:20:38
504,rb2210,SHFE,0_0_      700762,     1058366,多,平今,4986.0,1,2022-04-12 22:20:53
505,rb2210,SHFE,0_0_      700762,     1058368,多,平今,4986.0,1,2022-04-12 22:20:53
506,rb2210,SHFE,0_0_      704480,     1061606,多,开,4988.0,7,2022-04-12 22:21:13
507,rb2210,SHFE,0_0_      705175,     1061797,空,平今,4988.0,1,2022-04-12 22:21:14
508,rb2210,SHFE,0_0_      707633,     1065144,空,开,4987.0,4,2022-04-12 22:21:46
509,rb2210,SHFE,0_0_      705175,     1065350,空,平今,4988.0,1,2022-04-12 22:21:48
510,rb2210,SHFE,0_0_      705175,     1066386,空,平今,4988.0,2,2022-04-12 22:22:00
511,rb2210,SHFE,0_0_      709089,     1066427,多,平今,4987.0,3,2022-04-12 22:22:00
512,rb2210,SHFE,0_0_      713133,     1072254,空,开,4983.0,3,2022-04-12 22:22:31
513,rb2210,SHFE,0_0_      714087,     1072974,多,平今,4982.0,4,2022-04-12 22:22:35
514,rb2210,SHFE,0_0_      714501,     1073128,空,开,4983.0,4,2022-04-12 22:22:36
515,rb2210,SHFE,0_0_      714724,     1074347,空,平今,4982.0,1,2022-04-12 22:22:44
516,rb2210,SHFE,0_0_      715616,     1074386,多,平今,4981.000000000001,1,2022-04-12 22:22:44
517,rb2210,SHFE,0_0_      716196,     1077333,多,平今,4977.0,1,2022-04-12 22:22:51
518,rb2210,SHFE,0_0_      716279,     1077351,空,平今,4978.0,1,2022-04-12 22:22:51
519,rb2210,SHFE,0_0_      716691,     1078394,多,平今,4977.000000000001,4,2022-04-12 22:22:57
520,rb2210,SHFE,0_0_      716794,     1078444,空,平今,4978.0,1,2022-04-12 22:22:58
521,rb2210,SHFE,0_0_      716870,     1079435,空,开,4979.0,1,2022-04-12 22:23:03
522,rb2210,SHFE,0_0_      716870,     1079468,空,开,4979.0,2,2022-04-12 22:23:03
523,rb2210,SHFE,0_0_      717561,     1079537,多,平今,4978.0,1,2022-04-12 22:23:04
524,rb2210,SHFE,0_0_      717561,     1079538,多,平今,4978.0,1,2022-04-12 22:23:04
525,rb2210,SHFE,0_0_      717561,     1079539,多,平今,4978.0,1,2022-04-12 22:23:04
526,rb2210,SHFE,0_0_      719637,     1082088,空,开,4978.0,2,2022-04-12 22:23:23
527,rb2210,SHFE,0_0_      719759,     1082261,多,平今,4977.0,2,2022-04-12 22:23:25
528,rb2210,SHFE,0_0_      719904,     1082582,多,开,4977.0,3,2022-04-12 22:23:28
529,rb2210,SHFE,0_0_      720214,     1083596,空,平今,4978.0,2,2022-04-12 22:23:36
530,rb2210,SHFE,0_0_      721445,     1084337,多,平今,4977.000000000001,2,2022-04-12 22:23:41
531,rb2210,SHFE,0_0_      721776,     1084789,多,开,4977.0,1,2022-04-12 22:23:45
532,rb2210,SHFE,0_0_      717598,     1086041,空,开,4979.0,3,2022-04-12 22:23:55
533,rb2210,SHFE,0_0_      723019,     1086468,多,平今,4978.0,1,2022-04-12 22:23:58
534,rb2210,SHFE,0_0_      722588,     1086670,多,开,4977.0,2,2022-04-12 22:24:00
535,rb2210,SHFE,0_0_      722588,     1086671,多,开,4977.0,1,2022-04-12 22:24:00
536,rb2210,SHFE,0_0_      723719,     1087075,空,开,4977.0,3,2022-04-12 22:24:02
537,rb2210,SHFE,0_0_      723719,     1087076,空,开,4977.0,1,2022-04-12 22:24:02
538,rb2210,SHFE,0_0_      724071,     1088084,多,平今,4977.0,1,2022-04-12 22:24:11
539,rb2210,SHFE,0_0_      724071,     1088089,多,平今,4977.0,3,2022-04-12 22:24:11
540,rb2210,SHFE,0_0_      726021,     1090014,空,开,4978.0,4,2022-04-12 22:24:28
541,rb2210,SHFE,0_0_      727099,     1092737,空,平今,4978.0,1,2022-04-12 22:24:51
542,rb2210,SHFE,0_0_      725437,     1094089,空,平今,4979.0,3,2022-04-12 22:25:02
543,rb2210,SHFE,0_0_      733560,     1098274,多,平今,4980.0,1,2022-04-12 22:25:37
544,rb2210,SHFE,0_0_      734101,     1098444,多,平今,4980.0,2,2022-04-12 22:25:39
545,rb2210,SHFE,0_0_      715617,     1099273,空,开,4982.0,1,2022-04-12 22:25:48
546,rb2210,SHFE,0_0_      735092,     1099293,多,平今,4981.0,1,2022-04-12 22:25:48
547,rb2210,SHFE,0_0_      735307,     1099568,多,开,4981.0,4,2022-04-12 22:25:53
548,rb2210,SHFE,0_0_      735448,     1099692,空,平今,4981.0,4,2022-04-12 22:25:54
549,rb2210,SHFE,0_0_      736982,     1101203,多,开,4983.0,3,2022-04-12 22:26:10
550,rb2210,SHFE,0_0_      738570,     1102724,空,平今,4980.0,1,2022-04-12 22:26:30
551,rb2210,SHFE,0_0_      738570,     1102725,空,平今,4980.0,1,2022-04-12 22:26:30
552,rb2210,SHFE,0_0_      738570,     1102726,空,平今,4980.0,2,2022-04-12 22:26:30
553,rb2210,SHFE,0_0_      729818,     1103600,多,平今,4978.0,2,2022-04-12 22:26:41
554,rb2210,SHFE,0_0_      739355,     1104326,空,开,4980.0,3,2022-04-12 22:26:47
555,rb2210,SHFE,0_0_      741152,     1105154,多,平今,4978.0,4,2022-04-12 22:27:01
556,rb2210,SHFE,0_0_      741856,     1105902,空,平今,4979.0,1,2022-04-12 22:27:11
557,rb2210,SHFE,0_0_      751151,     1113870,空,开,4977.0,1,2022-04-12 22:28:34
558,rb2210,SHFE,0_0_      751151,     1113871,空,开,4977.0,1,2022-04-12 22:28:34
559,rb2210,SHFE,0_0_      751151,     1113872,空,开,4977.0,3,2022-04-12 22:28:34
560,rb2210,SHFE,0_0_      751178,     1114333,空,开,4977.0,3,2022-04-12 22:28:37
561,rb2210,SHFE,0_0_      769242,     1133941,多,平今,4984.0,1,2022-04-12 22:31:03
562,rb2210,SHFE,0_0_      769318,     1133978,空,开,4985.0,1,2022-04-12 22:31:03
563,rb2210,SHFE,0_0_      770385,     1136354,多,开,4988.0,1,2022-04-12 22:31:10
564,rb2210,SHFE,0_0_      770385,     1136355,多,开,4988.0,1,2022-04-12 22:31:10
565,rb2210,SHFE,0_0_      770385,     1136357,多,开,4988.0,1,2022-04-12 22:31:10
566,rb2210,SHFE,0_0_      770385,     1136359,多,开,4988.0,2,2022-04-12 22:31:10
567,rb2210,SHFE,0_0_      770385,     1136360,多,开,4988.0,2,2022-04-12 22:31:10
568,rb2210,SHFE,0_0_      770385,     1136361,多,开,4988.0,1,2022-04-12 22:31:10
569,rb2210,SHFE,0_0_      771134,     1137681,空,平今,4988.0,4,2022-04-12 22:31:14
570,rb2210,SHFE,0_0_      771825,     1138182,空,平今,4988.0,2,2022-04-12 22:31:17
571,rb2210,SHFE,0_0_      771825,     1138190,空,平今,4988.0,2,2022-04-12 22:31:17
572,rb2210,SHFE,0_0_      769323,     1146857,多,平今,4984.0,1,2022-04-12 22:32:12
573,rb2210,SHFE,0_0_      778727,     1146894,空,开,4985.0,1,2022-04-12 22:32:13
574,rb2210,SHFE,0_0_      786354,     1156337,多,平今,4985.0,1,2022-04-12 22:33:23
575,rb2210,SHFE,0_0_      786354,     1156346,多,平今,4985.0,2,2022-04-12 22:33:23
576,rb2210,SHFE,0_0_      802948,     1174953,多,开,4992.0,1,2022-04-12 22:35:54
577,rb2210,SHFE,0_0_      802948,     1174969,多,开,4992.0,7,2022-04-12 22:35:54
578,rb2210,SHFE,0_0_      808579,     1182358,空,平今,4992.0,1,2022-04-12 22:36:46
579,rb2210,SHFE,0_0_      808579,     1182360,空,平今,4992.0,1,2022-04-12 22:36:46
580,rb2210,SHFE,0_0_      808579,     1182364,空,平今,4992.0,1,2022-04-12 22:36:46
581,rb2210,SHFE,0_0_      809959,     1183916,多,平今,4992.0,2,2022-04-12 22:37:01
582,rb2210,SHFE,0_0_      810353,     1196451,空,平今,4993.0,1,2022-04-12 22:38:46
583,rb2210,SHFE,0_0_      810353,     1196536,空,平今,4993.0,1,2022-04-12 22:38:46
584,rb2210,SHFE,0_0_      821829,     1196960,多,平今,4993.0,1,2022-04-12 22:38:47
585,rb2210,SHFE,0_0_      824438,     1200864,空,开,4994.0,4,2022-04-12 22:39:06
586,rb2210,SHFE,0_0_      821670,     1202325,多,平今,4992.0,2,2022-04-12 22:39:14
587,rb2210,SHFE,0_0_      825769,     1202481,空,平今,4993.0,2,2022-04-12 22:39:15
588,rb2210,SHFE,0_0_      825840,     1202726,空,开,4993.0,1,2022-04-12 22:39:17
589,rb2210,SHFE,0_0_      825840,     1202755,空,开,4993.0,1,2022-04-12 22:39:17
590,rb2210,SHFE,0_0_      825840,     1202760,空,开,4993.0,1,2022-04-12 22:39:17
591,rb2210,SHFE,0_0_      826120,     1203369,多,平今,4992.0,3,2022-04-12 22:39:22
592,rb2210,SHFE,0_0_      826518,     1203797,空,开,4992.0,1,2022-04-12 22:39:25
593,rb2210,SHFE,0_0_      826518,     1203809,空,开,4992.0,3,2022-04-12 22:39:25
594,rb2210,SHFE,0_0_      826906,     1206103,多,平今,4991.000000000001,1,2022-04-12 22:39:47
595,rb2210,SHFE,0_0_      827011,     1206182,多,平今,4991.0,1,2022-04-12 22:39:48
596,rb2210,SHFE,0_0_      829419,     1206750,空,平今,4992.0,1,2022-04-12 22:39:53
597,rb2210,SHFE,0_0_      830869,     1218351,多,平今,4992.0,1,2022-04-12 22:41:38
598,rb2210,SHFE,0_0_      844963,     1220394,多,平今,4992.0,1,2022-04-12 22:42:00
599,rb2210,SHFE,0_0_      845298,     1224155,空,开,4993.0,2,2022-04-12 22:42:38
600,rb2210,SHFE,0_0_      848977,     1224174,多,平今,4992.0,2,2022-04-12 22:42:38
601,rb2210,SHFE,0_0_      849613,     1224942,多,平今,4993.0,1,2022-04-12 22:42:47
602,rb2210,SHFE,0_0_      849613,     1224962,多,平今,4993.0,2,2022-04-12 22:42:47
603,rb2210,SHFE,0_0_      851267,     1226377,空,开,4992.0,1,2022-04-12 22:42:57
604,rb2210,SHFE,0_0_      851267,     1226405,空,开,4992.0,1,2022-04-12 22:42:57
605,rb2210,SHFE,0_0_      853032,     1227783,多,开,4991.0,1,2022-04-12 22:43:10
606,rb2210,SHFE,0_0_      853032,     1227802,多,开,4991.0,5,2022-04-12 22:43:10
607,rb2210,SHFE,0_0_      853301,     1228003,空,平今,4991.0,2,2022-04-12 22:43:13
608,rb2210,SHFE,0_0_      868033,     1248317,空,平今,4990.0,1,2022-04-12 22:45:11
609,rb2210,SHFE,0_0_      842150,     1254303,空,开,4994.0,1,2022-04-12 22:45:47
610,rb2210,SHFE,0_0_      842150,     1254304,空,开,4994.0,1,2022-04-12 22:45:47
611,rb2210,SHFE,0_0_      874695,     1257014,空,平今,4993.000000000001,2,2022-04-12 22:46:06
612,rb2210,SHFE,0_0_      880481,     1267905,多,开,5007.0,7,2022-04-12 22:46:59
613,rb2210,SHFE,0_0_      880600,     1268027,空,平今,5008.0,1,2022-04-12 22:46:59
614,rb2210,SHFE,0_0_      880633,     1268064,空,平今,5008.0,1,2022-04-12 22:47:00
615,rb2210,SHFE,0_0_      881063,     1268791,空,平今,5009.0,2,2022-04-12 22:47:02
616,rb2210,SHFE,0_0_      883150,     1273750,多,平今,5009.0,2,2022-04-12 22:47:19
617,rb2210,SHFE,0_0_      883150,     1273759,多,平今,5009.0,1,2022-04-12 22:47:19
618,rb2210,SHFE,0_0_      884272,     1275841,多,开,5007.0,4,2022-04-12 22:47:30
619,rb2210,SHFE,0_0_      884274,     1276080,空,平今,5008.0,4,2022-04-12 22:47:31
620,rb2210,SHFE,0_0_      884398,     1279170,多,开,5007.0,3,2022-04-12 22:47:48
621,rb2210,SHFE,0_0_      884398,     1279224,多,开,5007.0,1,2022-04-12 22:47:48
622,rb2210,SHFE,0_0_      886890,     1279448,多,平今,5007.0,2,2022-04-12 22:47:50
623,rb2210,SHFE,0_0_      886974,     1279477,空,平今,5008.0,2,2022-04-12 22:47:50
624,rb2210,SHFE,0_0_      887045,     1279510,多,开,5007.0,2,2022-04-12 22:47:50
625,rb2210,SHFE,0_0_      887064,     1279863,空,开,5008.0,8,2022-04-12 22:47:53
626,rb2210,SHFE,0_0_      887459,     1280209,多,平今,5008.0,4,2022-04-12 22:47:55
627,rb2210,SHFE,0_0_      887740,     1280508,多,平今,5007.0,4,2022-04-12 22:47:57
628,rb2210,SHFE,0_0_      889576,     1284217,空,平今,5009.0,4,2022-04-12 22:48:10
629,rb2210,SHFE,0_0_      890077,     1284522,多,开,5009.0,1,2022-04-12 22:48:11
630,rb2210,SHFE,0_0_      890077,     1284571,多,开,5009.0,1,2022-04-12 22:48:11
631,rb2210,SHFE,0_0_      893391,     1289131,空,平今,5007.0,4,2022-04-12 22:48:41
632,rb2210,SHFE,0_0_      895605,     1291458,空,开,5008.0,8,2022-04-12 22:48:59
633,rb2210,SHFE,0_0_      900750,     1298564,多,平今,5012.0,1,2022-04-12 22:49:37
634,rb2210,SHFE,0_0_      900750,     1298576,多,平今,5012.0,1,2022-04-12 22:49:37
635,rb2210,SHFE,0_0_      900750,     1298590,多,平今,5012.0,2,2022-04-12 22:49:37
636,rb2210,SHFE,0_0_      900750,     1298639,多,平今,5012.0,1,2022-04-12 22:49:37
637,rb2210,SHFE,0_0_      900750,     1298640,多,平今,5012.0,3,2022-04-12 22:49:37
638,rb2210,SHFE,0_0_      900956,     1299324,空,平今,5014.0,1,2022-04-12 22:49:40
639,rb2210,SHFE,0_0_      901636,     1299492,空,开,5013.000000000001,2,2022-04-12 22:49:41
640,rb2210,SHFE,0_0_      901810,     1303721,空,平今,5013.0,1,2022-04-12 22:50:07
641,rb2210,SHFE,0_0_      901553,     1307526,空,开,5014.0,4,2022-04-12 22:50:28
642,rb2210,SHFE,0_0_      908171,     1307698,多,开,5013.0,1,2022-04-12 22:50:29
643,rb2210,SHFE,0_0_      908171,     1307712,多,开,5013.0,7,2022-04-12 22:50:29
644,rb2210,SHFE,0_0_      908377,     1307946,多,平今,5012.0,1,2022-04-12 22:50:31
645,rb2210,SHFE,0_0_      908377,     1307948,多,平今,5012.0,1,2022-04-12 22:50:31
646,rb2210,SHFE,0_0_      908611,     1308678,空,平今,5013.0,2,2022-04-12 22:50:36
647,rb2210,SHFE,0_0_      909067,     1308895,多,平今,5012.0,2,2022-04-12 22:50:37
648,rb2210,SHFE,0_0_      909239,     1308910,空,平今,5013.0,1,2022-04-12 22:50:37
649,rb2210,SHFE,0_0_      909239,     1308923,空,平今,5013.0,1,2022-04-12 22:50:38
650,rb2210,SHFE,0_0_      910193,     1310185,空,平今,5013.0,2,2022-04-12 22:50:50
651,rb2210,SHFE,0_0_      916326,     1318837,空,开,5010.0,4,2022-04-12 22:51:34
652,rb2210,SHFE,0_0_      918210,     1320498,空,开,5009.0,2,2022-04-12 22:51:43
653,rb2210,SHFE,0_0_      919991,     1325326,多,平今,5008.0,2,2022-04-12 22:52:18
654,rb2210,SHFE,0_0_      925039,     1326315,空,平今,5007.0,1,2022-04-12 22:52:28
655,rb2210,SHFE,0_0_      925323,     1326697,多,平今,5006.0,6,2022-04-12 22:52:32
656,rb2210,SHFE,0_0_      925365,     1326712,空,开,5007.0,6,2022-04-12 22:52:32
657,rb2210,SHFE,0_0_      925366,     1326859,多,平今,5006.0,6,2022-04-12 22:52:34
658,rb2210,SHFE,0_0_      925612,     1328076,空,开,5007.0,3,2022-04-12 22:52:43
659,rb2210,SHFE,0_0_      925612,     1328081,空,开,5007.0,1,2022-04-12 22:52:43
660,rb2210,SHFE,0_0_      925612,     1328082,空,开,5007.0,1,2022-04-12 22:52:43
661,rb2210,SHFE,0_0_      925612,     1328361,空,开,5007.0,1,2022-04-12 22:52:44
662,rb2210,SHFE,0_0_      940896,     1344871,多,平今,5005.0,1,2022-04-12 22:54:35
663,rb2210,SHFE,0_0_      940896,     1344881,多,平今,5005.0,1,2022-04-12 22:54:35
664,rb2210,SHFE,0_0_      940896,     1344882,多,平今,5005.0,1,2022-04-12 22:54:35
665,rb2210,SHFE,0_0_      940896,     1344940,多,平今,5005.0,2,2022-04-12 22:54:35
666,rb2210,SHFE,0_0_      944501,     1350443,多,开,5007.0,1,2022-04-12 22:55:00
667,rb2210,SHFE,0_0_      944501,     1350449,多,开,5007.0,1,2022-04-12 22:55:00
668,rb2210,SHFE,0_0_      944501,     1350457,多,开,5007.0,1,2022-04-12 22:55:00
669,rb2210,SHFE,0_0_      945747,     1352490,多,平今,5007.0,1,2022-04-12 22:55:09
670,rb2210,SHFE,0_0_      923904,     1353850,空,开,5009.0,1,2022-04-12 22:55:15
671,rb2210,SHFE,0_0_      923904,     1353896,空,开,5009.0,1,2022-04-12 22:55:16
672,rb2210,SHFE,0_0_      948400,     1356245,多,平今,5008.0,1,2022-04-12 22:55:31
673,rb2210,SHFE,0_0_      948693,     1356404,多,平今,5008.0,1,2022-04-12 22:55:32
674,rb2210,SHFE,0_0_      949612,     1361992,空,平今,5008.0,1,2022-04-12 22:56:05
675,rb2210,SHFE,0_0_      949612,     1362133,空,平今,5008.0,1,2022-04-12 22:56:06
676,rb2210,SHFE,0_0_      949612,     1362412,空,平今,5008.0,1,2022-04-12 22:56:07
677,rb2210,SHFE,0_0_      953872,     1362909,多,开,5007.0,1,2022-04-12 22:56:11
678,rb2210,SHFE,0_0_      957328,     1366211,空,开,5007.0,2,2022-04-12 22:56:40
679,rb2210,SHFE,0_0_      960294,     1369908,多,开,5011.000000000001,5,2022-04-12 22:57:01
680,rb2210,SHFE,0_0_      962426,     1372678,多,平今,5013.0,1,2022-04-12 22:57:15
681,rb2210,SHFE,0_0_      962581,     1372901,空,平今,5014.0,1,2022-04-12 22:57:17
682,rb2210,SHFE,0_0_      962721,     1373161,多,开,5014.0,2,2022-04-12 22:57:18
683,rb2210,SHFE,0_0_      964496,     1375775,多,平今,5015.0,1,2022-04-12 22:57:30
684,rb2210,SHFE,0_0_      964908,     1376400,空,平今,5016.0,4,2022-04-12 22:57:33
685,rb2210,SHFE,0_0_      965075,     1376614,空,平今,5016.000000000001,4,2022-04-12 22:57:34
686,rb2210,SHFE,0_0_      965244,     1377693,多,开,5016.0,4,2022-04-12 22:57:39
687,rb2210,SHFE,0_0_      965610,     1378077,空,开,5017.000000000001,8,2022-04-12 22:57:40
688,rb2210,SHFE,0_0_      965791,     1379134,多,开,5016.0,2,2022-04-12 22:57:44
689,rb2210,SHFE,0_0_      965867,     1379849,多,平今,5016.0,4,2022-04-12 22:57:48
690,rb2210,SHFE,0_0_      966122,     1380050,多,平今,5016.0,4,2022-04-12 22:57:49
691,rb2210,SHFE,0_0_      967014,     1380272,空,平今,5017.0,2,2022-04-12 22:57:50
692,rb2210,SHFE,0_0_      967119,     1383828,多,开,5016.0,4,2022-04-12 22:58:04
693,rb2210,SHFE,0_0_      969207,     1383903,空,平今,5017.000000000001,6,2022-04-12 22:58:04
694,rb2210,SHFE,0_0_      968263,     1384427,空,平今,5018.0,1,2022-04-12 22:58:06
695,rb2210,SHFE,0_0_      970753,     1387380,多,开,5019.0,1,2022-04-12 22:58:19
696,rb2210,SHFE,0_0_      972391,     1389834,空,开,5019.0,3,2022-04-12 22:58:31
697,rb2210,SHFE,0_0_      973492,     1392437,空,开,5019.0,3,2022-04-12 22:58:39
698,rb2210,SHFE,0_0_      973687,     1392929,多,平今,5018.000000000001,4,2022-04-12 22:58:41
699,rb2210,SHFE,0_0_     1280097,     1679404,多,开,4968.0,3,2022-04-13 09:00:10
700,rb2210,SHFE,0_0_     1280224,     1681589,空,平今,4965.0,3,2022-04-13 09:00:12
701,rb2210,SHFE,0_0_     1280285,     1682664,空,平今,4964.0,1,2022-04-13 09:00:14
702,rb2210,SHFE,0_0_     1280468,     1685277,多,开,4966.0,4,2022-04-13 09:00:16
703,rb2210,SHFE,0_0_     1280495,     1685370,空,平今,4967.0,4,2022-04-13 09:00:17
704,rb2210,SHFE,0_0_     1280515,     1685597,多,开,4966.0,4,2022-04-13 09:00:17
705,rb2210,SHFE,0_0_     1280518,     1685681,空,平今,4967.0,4,2022-04-13 09:00:17
706,rb2210,SHFE,0_0_     1280521,     1685897,多,开,4966.0,4,2022-04-13 09:00:17
707,rb2210,SHFE,0_0_     1280329,     1687032,多,平今,4963.0,1,2022-04-13 09:00:18
708,rb2210,SHFE,0_0_     1280615,     1687587,空,平今,4964.0,1,2022-04-13 09:00:19
709,rb2210,SHFE,0_0_     1280667,     1687638,多,开,4963.0,1,2022-04-13 09:00:19
710,rb2210,SHFE,0_0_     1280667,     1687639,多,开,4963.0,3,2022-04-13 09:00:19
711,rb2210,SHFE,0_0_     1280668,     1687693,空,平今,4964.0,2,2022-04-13 09:00:19
712,rb2210,SHFE,0_0_     1280668,     1687694,空,平今,4964.0,1,2022-04-13 09:00:19
713,rb2210,SHFE,0_0_     1280668,     1687695,空,平今,4964.0,1,2022-04-13 09:00:19
714,rb2210,SHFE,0_0_     1280669,     1687976,多,开,4963.0,4,2022-04-13 09:00:20
715,rb2210,SHFE,0_0_     1280706,     1688027,空,平今,4964.0,1,2022-04-13 09:00:20
716,rb2210,SHFE,0_0_     1280706,     1688028,空,平今,4964.0,1,2022-04-13 09:00:20
717,rb2210,SHFE,0_0_     1280706,     1688029,空,平今,4964.0,1,2022-04-13 09:00:20
718,rb2210,SHFE,0_0_     1280706,     1688031,空,平今,4964.0,1,2022-04-13 09:00:20
719,rb2210,SHFE,0_0_     1280707,     1688059,多,开,4963.0,1,2022-04-13 09:00:20
720,rb2210,SHFE,0_0_     1280707,     1688060,多,开,4963.0,3,2022-04-13 09:00:20
721,rb2210,SHFE,0_0_     1280744,     1688478,空,平今,4964.0,4,2022-04-13 09:00:20
722,rb2210,SHFE,0_0_     1280691,     1688479,空,开,4965.0,7,2022-04-13 09:00:20
723,rb2210,SHFE,0_0_     1280806,     1689275,多,平今,4967.0,3,2022-04-13 09:00:22
724,rb2210,SHFE,0_0_     1280837,     1689641,多,平今,4965.0,2,2022-04-13 09:00:22
725,rb2210,SHFE,0_0_     1280837,     1689642,多,平今,4965.0,1,2022-04-13 09:00:22
726,rb2210,SHFE,0_0_     1280865,     1690114,空,平今,4967.0,2,2022-04-13 09:00:23
727,rb2210,SHFE,0_0_     1280865,     1690116,空,平今,4967.0,1,2022-04-13 09:00:23
728,rb2210,SHFE,0_0_     1280892,     1690314,多,平今,4964.0,2,2022-04-13 09:00:23
729,rb2210,SHFE,0_0_     1280913,     1690495,空,平今,4965.0,1,2022-04-13 09:00:24
730,rb2210,SHFE,0_0_     1280939,     1691314,多,开,4964.0,5,2022-04-13 09:00:25
731,rb2210,SHFE,0_0_     1281024,     1691605,空,平今,4964.0,4,2022-04-13 09:00:26
732,rb2210,SHFE,0_0_     1281067,     1692109,多,开,4965.0,7,2022-04-13 09:00:27
733,rb2210,SHFE,0_0_     1281091,     1692664,空,平今,4966.0,1,2022-04-13 09:00:27
734,rb2210,SHFE,0_0_     1281091,     1692666,空,平今,4966.0,2,2022-04-13 09:00:27
735,rb2210,SHFE,0_0_     1281091,     1692679,空,平今,4966.0,1,2022-04-13 09:00:28
736,rb2210,SHFE,0_0_     1281118,     1693097,空,平今,4965.0,4,2022-04-13 09:00:28
737,rb2210,SHFE,0_0_     1281183,     1693582,空,开,4965.0,8,2022-04-13 09:00:29
738,rb2210,SHFE,0_0_     1281200,     1693734,多,平今,4965.0,1,2022-04-13 09:00:29
739,rb2210,SHFE,0_0_     1281200,     1693740,多,平今,4965.0,3,2022-04-13 09:00:29
740,rb2210,SHFE,0_0_     1281420,     1697408,多,平今,4968.0,4,2022-04-13 09:00:37
741,rb2210,SHFE,0_0_     1281537,     1697410,空,开,4969.0,4,2022-04-13 09:00:37
742,rb2210,SHFE,0_0_     1282224,     1704005,多,开,4971.0,8,2022-04-13 09:00:52
743,rb2210,SHFE,0_0_     1282418,     1705571,多,平今,4971.0,2,2022-04-13 09:00:55
744,rb2210,SHFE,0_0_     1282288,     1705598,空,平今,4972.0,3,2022-04-13 09:00:56
745,rb2210,SHFE,0_0_     1282418,     1705993,多,平今,4971.0,2,2022-04-13 09:00:56
746,rb2210,SHFE,0_0_     1282682,     1707668,空,平今,4973.0,4,2022-04-13 09:01:00
747,rb2210,SHFE,0_0_     1282722,     1708399,空,开,4973.0,6,2022-04-13 09:01:02
748,rb2210,SHFE,0_0_     1283184,     1712881,多,平今,4965.0,3,2022-04-13 09:01:09
749,rb2210,SHFE,0_0_     1283184,     1712885,多,平今,4965.0,1,2022-04-13 09:01:09
750,rb2210,SHFE,0_0_     1283236,     1713166,空,开,4966.0,4,2022-04-13 09:01:10
751,rb2210,SHFE,0_0_     1286851,     1752314,多,平今,4978.0,3,2022-04-13 09:02:26
752,rb2210,SHFE,0_0_     1286889,     1754401,空,开,4979.0,3,2022-04-13 09:02:33
753,rb2210,SHFE,0_0_     1287171,     1754443,多,平今,4978.0,3,2022-04-13 09:02:33
754,rb2210,SHFE,0_0_     1287172,     1754533,空,开,4979.0,3,2022-04-13 09:02:33
755,rb2210,SHFE,0_0_     1288113,     1760381,多,平今,4983.0,3,2022-04-13 09:02:53
756,rb2210,SHFE,0_0_     1288231,     1761115,多,开,4985.0,6,2022-04-13 09:02:56
757,rb2210,SHFE,0_0_     1288273,     1761854,空,平今,4986.0,4,2022-04-13 09:02:58
758,rb2210,SHFE,0_0_     1288388,     1763081,多,开,4985.0,4,2022-04-13 09:03:01
759,rb2210,SHFE,0_0_     1288712,     1763688,空,平今,4985.0,4,2022-04-13 09:03:02
760,rb2210,SHFE,0_0_     1290046,     1771122,多,平今,4990.0,1,2022-04-13 09:03:20
761,rb2210,SHFE,0_0_     1290185,     1771198,空,平今,4991.0,1,2022-04-13 09:03:20
762,rb2210,SHFE,0_0_     1290486,     1772520,多,开,4993.0,1,2022-04-13 09:03:24
763,rb2210,SHFE,0_0_     1294060,     1787034,空,开,4984.0,6,2022-04-13 09:04:15
764,rb2210,SHFE,0_0_     1294849,     1791140,多,平今,4981.0,8,2022-04-13 09:04:30
765,rb2210,SHFE,0_0_     1296026,     1795189,空,平今,4979.0,2,2022-04-13 09:04:47
766,rb2210,SHFE,0_0_     1296186,     1796124,空,开,4976.0,3,2022-04-13 09:04:49
767,rb2210,SHFE,0_0_     1299557,     1811134,多,平今,4972.0,2,2022-04-13 09:05:31
768,rb2210,SHFE,0_0_     1300217,     1811838,空,开,4973.0,2,2022-04-13 09:05:33
769,rb2210,SHFE,0_0_     1300401,     1812113,多,平今,4972.0,2,2022-04-13 09:05:34
770,rb2210,SHFE,0_0_     1300512,     1812143,多,开,4972.0,4,2022-04-13 09:05:34
771,rb2210,SHFE,0_0_     1300548,     1812216,空,平今,4973.0,4,2022-04-13 09:05:35
772,rb2210,SHFE,0_0_     1301029,     1813471,空,平今,4972.0,1,2022-04-13 09:05:39
773,rb2210,SHFE,0_0_     1301124,     1814020,空,开,4971.0,1,2022-04-13 09:05:42
774,rb2210,SHFE,0_0_     1301124,     1814022,空,开,4971.0,1,2022-04-13 09:05:42
775,rb2210,SHFE,0_0_     1301564,     1814776,多,开,4971.0,4,2022-04-13 09:05:44
776,rb2210,SHFE,0_0_     1302167,     1817238,空,平今,4968.0,3,2022-04-13 09:05:53
777,rb2210,SHFE,0_0_     1302046,     1818204,空,开,4970.0,5,2022-04-13 09:05:56
778,rb2210,SHFE,0_0_     1302516,     1818620,多,平今,4970.0,3,2022-04-13 09:05:57
779,rb2210,SHFE,0_0_     1302516,     1818632,多,平今,4970.0,1,2022-04-13 09:05:57
780,rb2210,SHFE,0_0_     1302516,     1818633,多,平今,4970.0,1,2022-04-13 09:05:57
781,rb2210,SHFE,0_0_     1302516,     1818637,多,平今,4970.0,3,2022-04-13 09:05:57
782,rb2210,SHFE,0_0_     1302979,     1819570,空,开,4971.0,3,2022-04-13 09:06:00
783,rb2210,SHFE,0_0_     1303644,     1821261,多,开,4974.0,1,2022-04-13 09:06:06
784,rb2210,SHFE,0_0_     1303644,     1821262,多,开,4974.0,1,2022-04-13 09:06:06
785,rb2210,SHFE,0_0_     1303644,     1821278,多,开,4974.0,2,2022-04-13 09:06:06
786,rb2210,SHFE,0_0_     1305731,     1826854,空,平今,4972.0,3,2022-04-13 09:06:30
787,rb2210,SHFE,0_0_     1307853,     1833786,多,平今,4974.0,3,2022-04-13 09:07:02
788,rb2210,SHFE,0_0_     1311345,     1837883,空,开,4971.0,1,2022-04-13 09:07:19
789,rb2210,SHFE,0_0_     1311345,     1837884,空,开,4971.0,1,2022-04-13 09:07:19
790,rb2210,SHFE,0_0_     1311345,     1837885,空,开,4971.0,1,2022-04-13 09:07:19
791,rb2210,SHFE,0_0_     1311345,     1837886,空,开,4971.0,1,2022-04-13 09:07:19
792,rb2210,SHFE,0_0_     1316514,     1845711,多,平今,4967.0,2,2022-04-13 09:07:47
793,rb2210,SHFE,0_0_     1316615,     1845896,空,平今,4967.0,1,2022-04-13 09:07:47
794,rb2210,SHFE,0_0_     1316615,     1845899,空,平今,4967.0,1,2022-04-13 09:07:47
795,rb2210,SHFE,0_0_     1317044,     1846754,多,开,4966.0,1,2022-04-13 09:07:50
796,rb2210,SHFE,0_0_     1317044,     1846756,多,开,4966.0,1,2022-04-13 09:07:50
797,rb2210,SHFE,0_0_     1317044,     1846761,多,开,4966.0,1,2022-04-13 09:07:50
798,rb2210,SHFE,0_0_     1317377,     1847187,空,平今,4966.0,3,2022-04-13 09:07:52
799,rb2210,SHFE,0_0_     1317657,     1847665,多,开,4965.0,4,2022-04-13 09:07:54
800,rb2210,SHFE,0_0_     1317680,     1847669,空,平今,4966.0,4,2022-04-13 09:07:54
801,rb2210,SHFE,0_0_     1320256,     1852387,空,开,4963.0,1,2022-04-13 09:08:07
802,rb2210,SHFE,0_0_     1320256,     1852388,空,开,4963.0,1,2022-04-13 09:08:07
803,rb2210,SHFE,0_0_     1320375,     1853169,多,开,4963.0,8,2022-04-13 09:08:09
804,rb2210,SHFE,0_0_     1321165,     1853763,空,平今,4964.0,4,2022-04-13 09:08:12
805,rb2210,SHFE,0_0_     1321880,     1855399,空,平今,4963.0,4,2022-04-13 09:08:19
806,rb2210,SHFE,0_0_     1328666,     1862154,多,开,4967.0,2,2022-04-13 09:08:55
807,rb2210,SHFE,0_0_     1330257,     1864592,多,开,4963.0,4,2022-04-13 09:09:04
808,rb2210,SHFE,0_0_     1329792,     1865323,空,平今,4965.0,1,2022-04-13 09:09:07
809,rb2210,SHFE,0_0_     1331177,     1865500,多,开,4964.0,1,2022-04-13 09:09:09
810,rb2210,SHFE,0_0_     1331339,     1865571,多,开,4964.0,1,2022-04-13 09:09:09
811,rb2210,SHFE,0_0_     1339269,     1874348,空,平今,4965.0,4,2022-04-13 09:09:54
812,rb2210,SHFE,0_0_     1338608,     1875282,空,平今,4966.0,2,2022-04-13 09:09:59
813,rb2210,SHFE,0_0_     1340210,     1875346,多,开,4965.0,1,2022-04-13 09:09:59
814,rb2210,SHFE,0_0_     1340210,     1875349,多,开,4965.0,1,2022-04-13 09:09:59
815,rb2210,SHFE,0_0_     1332231,     1875922,多,开,4963.0,1,2022-04-13 09:10:01
816,rb2210,SHFE,0_0_     1340225,     1877146,空,平今,4966.0,1,2022-04-13 09:10:03
817,rb2210,SHFE,0_0_     1340225,     1877207,空,平今,4966.0,1,2022-04-13 09:10:04
818,rb2210,SHFE,0_0_     1340952,     1880114,多,开,4966.0,2,2022-04-13 09:10:14
819,rb2210,SHFE,0_0_     1340874,     1880129,多,开,4965.0,4,2022-04-13 09:10:14
820,rb2210,SHFE,0_0_     1342590,     1880187,空,平今,4966.0,3,2022-04-13 09:10:14
821,rb2210,SHFE,0_0_     1342590,     1880189,空,平今,4966.0,1,2022-04-13 09:10:14
822,rb2210,SHFE,0_0_     1342589,     1880194,空,平今,4967.0,1,2022-04-13 09:10:14
823,rb2210,SHFE,0_0_     1342589,     1880201,空,平今,4967.0,1,2022-04-13 09:10:14
824,rb2210,SHFE,0_0_     1342617,     1880231,多,开,4966.0,1,2022-04-13 09:10:14
825,rb2210,SHFE,0_0_     1342591,     1880780,多,开,4965.0,4,2022-04-13 09:10:16
826,rb2210,SHFE,0_0_     1343070,     1880927,空,平今,4966.0,4,2022-04-13 09:10:17
827,rb2210,SHFE,0_0_     1343181,     1880954,多,开,4965.0,4,2022-04-13 09:10:17
828,rb2210,SHFE,0_0_     1346598,     1884752,空,平今,4968.0,1,2022-04-13 09:10:34
829,rb2210,SHFE,0_0_     1347800,     1886050,空,平今,4971.0,1,2022-04-13 09:10:42
830,rb2210,SHFE,0_0_     1347800,     1886051,空,平今,4971.0,1,2022-04-13 09:10:42
831,rb2210,SHFE,0_0_     1347800,     1886053,空,平今,4971.0,1,2022-04-13 09:10:42
832,rb2210,SHFE,0_0_     1349120,     1887387,空,开,4973.0,1,2022-04-13 09:10:48
833,rb2210,SHFE,0_0_     1349120,     1887391,空,开,4973.0,3,2022-04-13 09:10:48
834,rb2210,SHFE,0_0_     1351178,     1889519,空,平今,4975.0,3,2022-04-13 09:10:59
835,rb2210,SHFE,0_0_     1353346,     1892164,多,平今,4977.0,1,2022-04-13 09:11:12
836,rb2210,SHFE,0_0_     1353346,     1892165,多,平今,4977.0,2,2022-04-13 09:11:12
837,rb2210,SHFE,0_0_     1353346,     1892170,多,平今,4977.0,4,2022-04-13 09:11:12
838,rb2210,SHFE,0_0_     1355521,     1894957,空,开,4978.0,2,2022-04-13 09:11:23
839,rb2210,SHFE,0_0_     1355774,     1894968,多,平今,4977.0,2,2022-04-13 09:11:23
840,rb2210,SHFE,0_0_     1355780,     1896659,空,开,4978.0,2,2022-04-13 09:11:36
841,rb2210,SHFE,0_0_     1361146,     1899190,多,开,4978.0,1,2022-04-13 09:11:54
842,rb2210,SHFE,0_0_     1361146,     1899191,多,开,4978.0,1,2022-04-13 09:11:54
843,rb2210,SHFE,0_0_     1361146,     1899192,多,开,4978.0,3,2022-04-13 09:11:54
844,rb2210,SHFE,0_0_     1361146,     1899193,多,开,4978.0,1,2022-04-13 09:11:54
845,rb2210,SHFE,0_0_     1361146,     1899194,多,开,4978.0,1,2022-04-13 09:11:54
846,rb2210,SHFE,0_0_     1361404,     1899562,空,平今,4979.0,4,2022-04-13 09:11:56
847,rb2210,SHFE,0_0_     1367759,     1909051,空,开,4972.0,2,2022-04-13 09:12:29
848,rb2210,SHFE,0_0_     1367759,     1909052,空,开,4972.0,1,2022-04-13 09:12:29
849,rb2210,SHFE,0_0_     1367939,     1909950,空,平今,4972.0,1,2022-04-13 09:12:31
850,rb2210,SHFE,0_0_     1381854,     1927473,多,平今,4971.0,1,2022-04-13 09:13:48
851,rb2210,SHFE,0_0_     1381854,     1927522,多,平今,4971.0,1,2022-04-13 09:13:48
852,rb2210,SHFE,0_0_     1384100,     1930001,空,平今,4967.000000000001,2,2022-04-13 09:14:02
853,rb2210,SHFE,0_0_     1392668,     1937673,空,开,4970.0,1,2022-04-13 09:14:49
854,rb2210,SHFE,0_0_     1393132,     1938421,多,开,4971.0,6,2022-04-13 09:14:52
855,rb2210,SHFE,0_0_     1393132,     1938565,多,开,4971.0,1,2022-04-13 09:14:53
856,rb2210,SHFE,0_0_     1393132,     1938663,多,开,4971.0,1,2022-04-13 09:14:53
857,rb2210,SHFE,0_0_     1394142,     1939178,空,平今,4970.0,1,2022-04-13 09:14:56
858,rb2210,SHFE,0_0_     1395578,     1940887,空,平今,4967.0,3,2022-04-13 09:15:03
859,rb2210,SHFE,0_0_     1398549,     1946094,多,平今,4965.0,2,2022-04-13 09:15:18
860,rb2210,SHFE,0_0_     1398549,     1946095,多,平今,4965.0,2,2022-04-13 09:15:18
861,rb2210,SHFE,0_0_     1398578,     1946116,空,开,4966.0,4,2022-04-13 09:15:18
862,rb2210,SHFE,0_0_     1398583,     1946225,多,平今,4965.0,4,2022-04-13 09:15:19
863,rb2210,SHFE,0_0_     1398661,     1946263,空,开,4966.0,4,2022-04-13 09:15:19
864,rb2210,SHFE,0_0_     1398722,     1946267,多,平今,4965.0,4,2022-04-13 09:15:19
865,rb2210,SHFE,0_0_     1399290,     1947127,空,开,4963.0,3,2022-04-13 09:15:22
866,rb2210,SHFE,0_0_     1399359,     1947354,多,平今,4962.0,4,2022-04-13 09:15:22
867,rb2210,SHFE,0_0_     1399376,     1948140,空,开,4963.0,4,2022-04-13 09:15:24
868,rb2210,SHFE,0_0_     1399769,     1948635,多,平今,4961.0,2,2022-04-13 09:15:25
869,rb2210,SHFE,0_0_     1399797,     1949099,空,开,4962.0,2,2022-04-13 09:15:27
870,rb2210,SHFE,0_0_     1400181,     1949640,空,平今,4962.0,2,2022-04-13 09:15:28
871,rb2210,SHFE,0_0_     1400373,     1949964,多,平今,4961.0,2,2022-04-13 09:15:28
872,rb2210,SHFE,0_0_     1401070,     1950467,空,平今,4962.0,1,2022-04-13 09:15:30
873,rb2210,SHFE,0_0_     1398723,     1955647,空,开,4966.0,4,2022-04-13 09:15:48
874,rb2210,SHFE,0_0_     1404769,     1956449,多,平今,4965.0,2,2022-04-13 09:15:51
875,rb2210,SHFE,0_0_     1405903,     1957571,多,平今,4966.0,4,2022-04-13 09:15:57
876,rb2210,SHFE,0_0_     1412193,     1964230,空,平今,4969.0,1,2022-04-13 09:16:34
877,rb2210,SHFE,0_0_     1414208,     1966582,空,开,4970.0,1,2022-04-13 09:16:51
878,rb2210,SHFE,0_0_     1414765,     1967861,多,平今,4968.0,1,2022-04-13 09:16:59
879,rb2210,SHFE,0_0_     1416838,     1972399,多,开,4967.0,1,2022-04-13 09:17:26
880,rb2210,SHFE,0_0_     1419535,     1974484,空,平今,4968.0,1,2022-04-13 09:17:37
881,rb2210,SHFE,0_0_     1434634,     1989283,空,开,4966.0,1,2022-04-13 09:19:13
882,rb2210,SHFE,0_0_     1434634,     1989294,空,开,4966.0,3,2022-04-13 09:19:13
883,rb2210,SHFE,0_0_     1401228,     1993534,多,开,4962.0,7,2022-04-13 09:19:37
884,rb2210,SHFE,0_0_     1438688,     1994167,空,平今,4962.0,3,2022-04-13 09:19:41
885,rb2210,SHFE,0_0_     1438688,     1994168,空,平今,4962.0,2,2022-04-13 09:19:41
886,rb2210,SHFE,0_0_     1438486,     1994319,空,平今,4963.0,2,2022-04-13 09:19:41
887,rb2210,SHFE,0_0_     1438995,     1994881,多,平今,4962.0,2,2022-04-13 09:19:44
888,rb2210,SHFE,0_0_     1439309,     1995761,多,平今,4963.0,1,2022-04-13 09:19:49
889,rb2210,SHFE,0_0_     1441014,     1997887,空,开,4961.0,3,2022-04-13 09:20:00
890,rb2210,SHFE,0_0_     1441873,     2000050,多,开,4961.0,2,2022-04-13 09:20:05
891,rb2210,SHFE,0_0_     1442291,     2000304,多,开,4961.0,1,2022-04-13 09:20:06
892,rb2210,SHFE,0_0_     1443601,     2001727,多,开,4961.0,2,2022-04-13 09:20:14
893,rb2210,SHFE,0_0_     1443946,     2002348,空,平今,4960.0,1,2022-04-13 09:20:17
894,rb2210,SHFE,0_0_     1443946,     2002387,空,平今,4960.0,3,2022-04-13 09:20:17
895,rb2210,SHFE,0_0_     1443946,     2002402,空,平今,4960.0,1,2022-04-13 09:20:17
896,rb2210,SHFE,0_0_     1441578,     2002701,多,平今,4959.0,4,2022-04-13 09:20:18
897,rb2210,SHFE,0_0_     1445994,     2005917,多,开,4958.0,4,2022-04-13 09:20:34
898,rb2210,SHFE,0_0_     1445994,     2005922,多,开,4958.0,4,2022-04-13 09:20:34
899,rb2210,SHFE,0_0_     1444228,     2006169,空,开,4960.0,1,2022-04-13 09:20:36
900,rb2210,SHFE,0_0_     1444228,     2006179,空,开,4960.0,3,2022-04-13 09:20:36
901,rb2210,SHFE,0_0_     1446425,     2006415,空,平今,4960.0,8,2022-04-13 09:20:37
902,rb2210,SHFE,0_0_     1446426,     2006675,多,开,4959.0,8,2022-04-13 09:20:39
903,rb2210,SHFE,0_0_     1446674,     2006839,空,平今,4960.0,7,2022-04-13 09:20:39
904,rb2210,SHFE,0_0_     1446674,     2006852,空,平今,4960.0,1,2022-04-13 09:20:40
905,rb2210,SHFE,0_0_     1446754,     2006855,多,平今,4959.0,4,2022-04-13 09:20:40
906,rb2210,SHFE,0_0_     1446849,     2006923,多,开,4959.0,2,2022-04-13 09:20:40
907,rb2210,SHFE,0_0_     1446849,     2006924,多,开,4959.0,1,2022-04-13 09:20:40
908,rb2210,SHFE,0_0_     1446904,     2007389,空,开,4960.0,4,2022-04-13 09:20:43
909,rb2210,SHFE,0_0_     1450912,     2011750,多,开,4963.0,1,2022-04-13 09:21:07
910,rb2210,SHFE,0_0_     1439469,     2012441,空,开,4964.0,2,2022-04-13 09:21:14
911,rb2210,SHFE,0_0_     1439469,     2012442,空,开,4964.0,2,2022-04-13 09:21:14
912,rb2210,SHFE,0_0_     1455450,     2017241,多,平今,4962.0,2,2022-04-13 09:21:43
913,rb2210,SHFE,0_0_     1456064,     2017947,多,平今,4962.0,2,2022-04-13 09:21:49
914,rb2210,SHFE,0_0_     1456277,     2018025,空,开,4963.0,1,2022-04-13 09:21:50
915,rb2210,SHFE,0_0_     1452825,     2018445,空,平今,4964.0,2,2022-04-13 09:21:52
916,rb2210,SHFE,0_0_     1452825,     2018450,空,平今,4964.0,2,2022-04-13 09:21:52
917,rb2210,SHFE,0_0_     1456744,     2018631,多,开,4963.0,1,2022-04-13 09:21:54
918,rb2210,SHFE,0_0_     1456744,     2018686,多,开,4963.0,3,2022-04-13 09:21:54
919,rb2210,SHFE,0_0_     1456924,     2019000,空,平今,4964.0,1,2022-04-13 09:21:56
920,rb2210,SHFE,0_0_     1456924,     2019010,空,平今,4964.0,1,2022-04-13 09:21:56
921,rb2210,SHFE,0_0_     1456924,     2019025,空,平今,4964.0,1,2022-04-13 09:21:56
922,rb2210,SHFE,0_0_     1457017,     2019058,多,平今,4963.0,1,2022-04-13 09:21:57
923,rb2210,SHFE,0_0_     1457208,     2019219,空,平今,4964.0,1,2022-04-13 09:21:58
924,rb2210,SHFE,0_0_     1457385,     2019296,多,开,4963.0,1,2022-04-13 09:21:58
925,rb2210,SHFE,0_0_     1457447,     2019383,空,平今,4964.0,1,2022-04-13 09:21:59
926,rb2210,SHFE,0_0_     1457564,     2019841,多,开,4963.0,1,2022-04-13 09:22:01
927,rb2210,SHFE,0_0_     1458023,     2019942,空,平今,4964.0,1,2022-04-13 09:22:02
928,rb2210,SHFE,0_0_     1458169,     2020246,多,开,4963.0,1,2022-04-13 09:22:03
929,rb2210,SHFE,0_0_     1458730,     2021290,空,开,4963.0,1,2022-04-13 09:22:07
930,rb2210,SHFE,0_0_     1458730,     2021291,空,开,4963.0,1,2022-04-13 09:22:07
931,rb2210,SHFE,0_0_     1458730,     2021295,空,开,4963.0,1,2022-04-13 09:22:07
932,rb2210,SHFE,0_0_     1459287,     2021423,多,开,4962.0,4,2022-04-13 09:22:08
933,rb2210,SHFE,0_0_     1459487,     2022482,空,平今,4963.0,4,2022-04-13 09:22:15
934,rb2210,SHFE,0_0_     1460617,     2022642,多,平今,4962.0,1,2022-04-13 09:22:17
935,rb2210,SHFE,0_0_     1447037,     2024215,多,开,4959.0,1,2022-04-13 09:22:31
936,rb2210,SHFE,0_0_     1447213,     2024228,多,平今,4959.0,4,2022-04-13 09:22:31
937,rb2210,SHFE,0_0_     1462262,     2024578,空,开,4959.0,6,2022-04-13 09:22:32
938,rb2210,SHFE,0_0_     1462830,     2025455,多,平今,4958.0,2,2022-04-13 09:22:35
939,rb2210,SHFE,0_0_     1463066,     2025586,多,平今,4958.0,3,2022-04-13 09:22:35
940,rb2210,SHFE,0_0_     1463155,     2026368,空,开,4959.0,4,2022-04-13 09:22:38
941,rb2210,SHFE,0_0_     1463641,     2026869,多,平今,4958.0,1,2022-04-13 09:22:41
942,rb2210,SHFE,0_0_     1463641,     2026886,多,平今,4958.0,1,2022-04-13 09:22:41
943,rb2210,SHFE,0_0_     1463641,     2026887,多,平今,4958.0,1,2022-04-13 09:22:41
944,rb2210,SHFE,0_0_     1463641,     2026898,多,平今,4958.0,1,2022-04-13 09:22:41
945,rb2210,SHFE,0_0_     1464081,     2027014,多,平今,4958.000000000001,3,2022-04-13 09:22:42
946,rb2210,SHFE,0_0_     1464109,     2027059,空,开,4959.0,8,2022-04-13 09:22:42
947,rb2210,SHFE,0_0_     1464166,     2027180,多,平今,4958.0,4,2022-04-13 09:22:43
948,rb2210,SHFE,0_0_     1464192,     2027185,空,开,4959.0,1,2022-04-13 09:22:43
949,rb2210,SHFE,0_0_     1464192,     2027198,空,开,4959.0,1,2022-04-13 09:22:43
950,rb2210,SHFE,0_0_     1464192,     2027206,空,开,4959.0,1,2022-04-13 09:22:43
951,rb2210,SHFE,0_0_     1464192,     2027217,空,开,4959.0,1,2022-04-13 09:22:43
952,rb2210,SHFE,0_0_     1464505,     2027736,多,平今,4958.0,4,2022-04-13 09:22:46
953,rb2210,SHFE,0_0_     1463291,     2027762,多,开,4957.0,4,2022-04-13 09:22:46
954,rb2210,SHFE,0_0_     1464337,     2027786,多,平今,4957.0,4,2022-04-13 09:22:46
955,rb2210,SHFE,0_0_     1464564,     2027810,空,开,4958.0,1,2022-04-13 09:22:46
956,rb2210,SHFE,0_0_     1464564,     2027815,空,开,4958.0,7,2022-04-13 09:22:46
957,rb2210,SHFE,0_0_     1464618,     2027881,空,平今,4958.0,1,2022-04-13 09:22:47
958,rb2210,SHFE,0_0_     1464618,     2027898,空,平今,4958.0,1,2022-04-13 09:22:47
959,rb2210,SHFE,0_0_     1464618,     2027901,空,平今,4958.0,1,2022-04-13 09:22:47
960,rb2210,SHFE,0_0_     1464571,     2027939,多,平今,4957.0,7,2022-04-13 09:22:47
961,rb2210,SHFE,0_0_     1464654,     2027956,多,开,4957.0,2,2022-04-13 09:22:47
962,rb2210,SHFE,0_0_     1464661,     2027969,空,开,4958.0,7,2022-04-13 09:22:47
963,rb2210,SHFE,0_0_     1464664,     2027987,多,平今,4957.0,8,2022-04-13 09:22:47
964,rb2210,SHFE,0_0_     1464666,     2027990,空,开,4958.0,8,2022-04-13 09:22:47
965,rb2210,SHFE,0_0_     1464667,     2028036,多,平今,4957.0,1,2022-04-13 09:22:48
966,rb2210,SHFE,0_0_     1464667,     2028039,多,平今,4957.0,5,2022-04-13 09:22:48
967,rb2210,SHFE,0_0_     1464667,     2028041,多,平今,4957.0,1,2022-04-13 09:22:48
968,rb2210,SHFE,0_0_     1464667,     2028044,多,平今,4957.0,1,2022-04-13 09:22:48
969,rb2210,SHFE,0_0_     1464799,     2028171,空,开,4958.0,1,2022-04-13 09:22:48
970,rb2210,SHFE,0_0_     1464799,     2028177,空,开,4958.0,1,2022-04-13 09:22:48
971,rb2210,SHFE,0_0_     1464799,     2028179,空,开,4958.0,1,2022-04-13 09:22:48
972,rb2210,SHFE,0_0_     1464799,     2028183,空,开,4958.0,1,2022-04-13 09:22:48
973,rb2210,SHFE,0_0_     1464799,     2028232,空,开,4958.0,1,2022-04-13 09:22:49
974,rb2210,SHFE,0_0_     1464799,     2028234,空,开,4958.0,3,2022-04-13 09:22:49
975,rb2210,SHFE,0_0_     1465009,     2028273,多,平今,4957.0,4,2022-04-13 09:22:49
976,rb2210,SHFE,0_0_     1465247,     2028506,空,平今,4957.0,3,2022-04-13 09:22:50
977,rb2210,SHFE,0_0_     1465063,     2028821,空,开,4958.0,1,2022-04-13 09:22:51
978,rb2210,SHFE,0_0_     1465063,     2028824,空,开,4958.0,1,2022-04-13 09:22:51
979,rb2210,SHFE,0_0_     1465063,     2028826,空,开,4958.0,1,2022-04-13 09:22:51
980,rb2210,SHFE,0_0_     1465063,     2028827,空,开,4958.0,1,2022-04-13 09:22:51
981,rb2210,SHFE,0_0_     1465535,     2028973,多,平今,4957.0,4,2022-04-13 09:22:52
982,rb2210,SHFE,0_0_     1465636,     2029020,空,开,4957.0,1,2022-04-13 09:22:53
983,rb2210,SHFE,0_0_     1465898,     2029336,空,开,4957.0,2,2022-04-13 09:22:54
984,rb2210,SHFE,0_0_     1465898,     2029343,空,开,4957.0,1,2022-04-13 09:22:54
985,rb2210,SHFE,0_0_     1465365,     2029424,多,平今,4956.0,4,2022-04-13 09:22:54
986,rb2210,SHFE,0_0_     1465931,     2029432,空,开,4957.0,4,2022-04-13 09:22:54
987,rb2210,SHFE,0_0_     1465950,     2029765,多,平今,4956.000000000001,7,2022-04-13 09:22:57
988,rb2210,SHFE,0_0_     1465993,     2029776,多,开,4956.000000000001,3,2022-04-13 09:22:57
989,rb2210,SHFE,0_0_     1466306,     2029888,多,开,4956.0,2,2022-04-13 09:22:57
990,rb2210,SHFE,0_0_     1466533,     2030305,空,平今,4956.0,1,2022-04-13 09:22:58
991,rb2210,SHFE,0_0_     1466533,     2030306,空,平今,4956.0,1,2022-04-13 09:22:58
992,rb2210,SHFE,0_0_     1466533,     2030309,空,平今,4956.0,1,2022-04-13 09:22:58
993,rb2210,SHFE,0_0_     1466533,     2030318,空,平今,4956.0,1,2022-04-13 09:22:58
994,rb2210,SHFE,0_0_     1466308,     2030401,空,开,4957.0,1,2022-04-13 09:22:59
995,rb2210,SHFE,0_0_     1466308,     2030485,空,开,4957.0,3,2022-04-13 09:22:59
996,rb2210,SHFE,0_0_     1467102,     2031107,多,平今,4956.0,4,2022-04-13 09:23:02
997,rb2210,SHFE,0_0_     1466606,     2031234,空,平今,4957.0,1,2022-04-13 09:23:03
998,rb2210,SHFE,0_0_     1466680,     2031238,空,开,4957.0,3,2022-04-13 09:23:03
999,rb2210,SHFE,0_0_     1467159,     2031394,空,开,4957.000000000001,1,2022-04-13 09:23:04
1000,rb2210,SHFE,0_0_     1462237,     2032350,空,平今,4960.0,1,2022-04-13 09:23:09
1001,rb2210,SHFE,0_0_     1468304,     2032823,多,开,4960.0,2,2022-04-13 09:23:11
1002,rb2210,SHFE,0_0_     1471565,     2037123,空,平今,4962.0,1,2022-04-13 09:23:39
1003,rb2210,SHFE,0_0_     1467553,     2038948,多,平今,4957.0,1,2022-04-13 09:23:51
1004,rb2210,SHFE,0_0_     1472911,     2039043,空,开,4958.0,4,2022-04-13 09:23:52
1005,rb2210,SHFE,0_0_     1473405,     2039495,多,平今,4957.0,4,2022-04-13 09:23:53
1006,rb2210,SHFE,0_0_     1473511,     2039654,空,开,4958.0,1,2022-04-13 09:23:55
1007,rb2210,SHFE,0_0_     1473511,     2039657,空,开,4958.0,2,2022-04-13 09:23:55
1008,rb2210,SHFE,0_0_     1473511,     2039658,空,开,4958.0,1,2022-04-13 09:23:55
1009,rb2210,SHFE,0_0_     1473736,     2039759,多,平今,4957.0,3,2022-04-13 09:23:56
1010,rb2210,SHFE,0_0_     1467344,     2040326,多,平今,4956.0,2,2022-04-13 09:23:59
1011,rb2210,SHFE,0_0_     1474500,     2040410,空,开,4957.0,2,2022-04-13 09:23:59
1012,rb2210,SHFE,0_0_     1474563,     2040642,多,平今,4956.0,2,2022-04-13 09:24:00
1013,rb2210,SHFE,0_0_     1474751,     2040787,空,开,4957.0,2,2022-04-13 09:24:01
1014,rb2210,SHFE,0_0_     1473815,     2040800,空,平今,4958.0,1,2022-04-13 09:24:01
1015,rb2210,SHFE,0_0_     1474869,     2040817,多,平今,4957.0,1,2022-04-13 09:24:01
1016,rb2210,SHFE,0_0_     1474868,     2040839,多,平今,4956.0,2,2022-04-13 09:24:01
1017,rb2210,SHFE,0_0_     1474918,     2040982,空,开,4957.0,2,2022-04-13 09:24:03
1018,rb2210,SHFE,0_0_     1474943,     2041015,空,开,4957.0,4,2022-04-13 09:24:03
1019,rb2210,SHFE,0_0_     1475261,     2041218,多,平今,4956.0,1,2022-04-13 09:24:05
1020,rb2210,SHFE,0_0_     1475261,     2041222,多,平今,4956.0,3,2022-04-13 09:24:05
1021,rb2210,SHFE,0_0_     1475312,     2041226,多,平今,4956.0,1,2022-04-13 09:24:05
1022,rb2210,SHFE,0_0_     1475738,     2041507,空,开,4958.0,3,2022-04-13 09:24:08
1023,rb2210,SHFE,0_0_     1475826,     2041509,空,开,4958.0,2,2022-04-13 09:24:08
1024,rb2210,SHFE,0_0_     1475903,     2042118,多,平今,4957.0,7,2022-04-13 09:24:11
1025,rb2210,SHFE,0_0_     1476100,     2042124,多,平今,4957.0,1,2022-04-13 09:24:11
1026,rb2210,SHFE,0_0_     1476261,     2042131,多,开,4957.0,1,2022-04-13 09:24:11
1027,rb2210,SHFE,0_0_     1476347,     2042208,多,开,4956.0,2,2022-04-13 09:24:11
1028,rb2210,SHFE,0_0_     1476348,     2042369,空,平今,4957.0,2,2022-04-13 09:24:12
1029,rb2210,SHFE,0_0_     1476340,     2042614,空,开,4958.0,1,2022-04-13 09:24:14
1030,rb2210,SHFE,0_0_     1476340,     2042722,空,开,4958.0,1,2022-04-13 09:24:15
1031,rb2210,SHFE,0_0_     1476340,     2042727,空,开,4958.0,1,2022-04-13 09:24:15
1032,rb2210,SHFE,0_0_     1476340,     2042729,空,开,4958.0,5,2022-04-13 09:24:15
1033,rb2210,SHFE,0_0_     1477050,     2043317,多,平今,4958.0,4,2022-04-13 09:24:18
1034,rb2210,SHFE,0_0_     1458377,     2047556,空,平今,4964.0,1,2022-04-13 09:24:51
1035,rb2210,SHFE,0_0_     1480023,     2047597,多,开,4963.0,1,2022-04-13 09:24:52
1036,rb2210,SHFE,0_0_     1480639,     2049012,多,开,4961.0,1,2022-04-13 09:25:02
1037,rb2210,SHFE,0_0_     1481261,     2049777,空,平今,4961.0,3,2022-04-13 09:25:07
1038,rb2210,SHFE,0_0_     1481796,     2050471,多,开,4960.0,3,2022-04-13 09:25:11
1039,rb2210,SHFE,0_0_     1482144,     2051096,空,平今,4961.0,1,2022-04-13 09:25:14
1040,rb2210,SHFE,0_0_     1482144,     2051097,空,平今,4961.0,1,2022-04-13 09:25:14
1041,rb2210,SHFE,0_0_     1482144,     2051098,空,平今,4961.0,1,2022-04-13 09:25:14
1042,rb2210,SHFE,0_0_     1483494,     2053173,多,开,4961.0,1,2022-04-13 09:25:23
1043,rb2210,SHFE,0_0_     1485757,     2055363,多,开,4962.0,2,2022-04-13 09:25:40
1044,rb2210,SHFE,0_0_     1486735,     2056092,空,平今,4963.0,2,2022-04-13 09:25:48
1045,rb2210,SHFE,0_0_     1488229,     2057444,空,平今,4963.0,1,2022-04-13 09:25:57
1046,rb2210,SHFE,0_0_     1488652,     2057808,多,开,4963.0,2,2022-04-13 09:26:00
1047,rb2210,SHFE,0_0_     1496609,     2067059,多,平今,4967.0,4,2022-04-13 09:27:02
1048,rb2210,SHFE,0_0_     1497727,     2069956,多,开,4967.0,4,2022-04-13 09:27:21
1049,rb2210,SHFE,0_0_     1499644,     2070140,空,平今,4967.0,4,2022-04-13 09:27:22
1050,rb2210,SHFE,0_0_     1499801,     2083213,空,平今,4968.0,2,2022-04-13 09:28:48
1051,rb2210,SHFE,0_0_     1514098,     2085551,空,开,4964.0,4,2022-04-13 09:29:09
1052,rb2210,SHFE,0_0_     1514185,     2085709,多,开,4963.0,6,2022-04-13 09:29:11
1053,rb2210,SHFE,0_0_     1515960,     2087676,多,平今,4959.0,1,2022-04-13 09:29:23
1054,rb2210,SHFE,0_0_     1521986,     2094010,空,平今,4960.0,4,2022-04-13 09:29:59
1055,rb2210,SHFE,0_0_     1516687,     2100414,多,平今,4958.0,3,2022-04-13 09:30:36
1056,rb2210,SHFE,0_0_     1527005,     2101179,空,开,4958.0,4,2022-04-13 09:30:38
1057,rb2210,SHFE,0_0_     1527063,     2101188,空,开,4958.0,2,2022-04-13 09:30:38
1058,rb2210,SHFE,0_0_     1527063,     2101271,空,开,4958.0,1,2022-04-13 09:30:38
1059,rb2210,SHFE,0_0_     1527063,     2101279,空,开,4958.0,1,2022-04-13 09:30:38
1060,rb2210,SHFE,0_0_     1527271,     2101280,多,平今,4957.0,7,2022-04-13 09:30:38
1061,rb2210,SHFE,0_0_     1527271,     2101281,多,平今,4957.0,1,2022-04-13 09:30:38
1062,rb2210,SHFE,0_0_     1527327,     2101424,多,开,4957.0,4,2022-04-13 09:30:39
1063,rb2210,SHFE,0_0_     1527507,     2101614,空,平今,4957.0,1,2022-04-13 09:30:40
1064,rb2210,SHFE,0_0_     1527272,     2101684,空,开,4958.000000000001,8,2022-04-13 09:30:40
1065,rb2210,SHFE,0_0_     1527592,     2101758,多,平今,4957.0,8,2022-04-13 09:30:41
1066,rb2210,SHFE,0_0_     1528470,     2103253,多,开,4957.0,1,2022-04-13 09:30:50
1067,rb2210,SHFE,0_0_     1529183,     2103304,空,平今,4958.0,5,2022-04-13 09:30:50
1068,rb2210,SHFE,0_0_     1529292,     2103646,多,开,4957.0,2,2022-04-13 09:30:52
1069,rb2210,SHFE,0_0_     1529292,     2103751,多,开,4957.0,3,2022-04-13 09:30:52
1070,rb2210,SHFE,0_0_     1529571,     2104132,空,平今,4958.0,5,2022-04-13 09:30:54
1071,rb2210,SHFE,0_0_     1529852,     2104339,空,开,4958.0,5,2022-04-13 09:30:55
1072,rb2210,SHFE,0_0_     1529877,     2104504,多,平今,4957.0,5,2022-04-13 09:30:57
1073,rb2210,SHFE,0_0_     1530009,     2105086,空,开,4958.0,7,2022-04-13 09:31:01
1074,rb2210,SHFE,0_0_     1530446,     2105452,多,开,4958.0,4,2022-04-13 09:31:03
1075,rb2210,SHFE,0_0_     1530360,     2105606,多,平今,4957.0,7,2022-04-13 09:31:04
1076,rb2210,SHFE,0_0_     1530671,     2105761,空,开,4958.0,7,2022-04-13 09:31:05
1077,rb2210,SHFE,0_0_     1530785,     2105764,多,平今,4957.0,4,2022-04-13 09:31:05
1078,rb2210,SHFE,0_0_     1530785,     2105775,多,平今,4957.0,1,2022-04-13 09:31:05
1079,rb2210,SHFE,0_0_     1530785,     2105778,多,平今,4957.0,1,2022-04-13 09:31:05
1080,rb2210,SHFE,0_0_     1530785,     2105779,多,平今,4957.0,1,2022-04-13 09:31:05
1081,rb2210,SHFE,0_0_     1530828,     2105821,空,开,4957.0,3,2022-04-13 09:31:06
1082,rb2210,SHFE,0_0_     1531077,     2106519,多,平今,4957.0,2,2022-04-13 09:31:09
1083,rb2210,SHFE,0_0_     1531077,     2106526,多,平今,4957.0,1,2022-04-13 09:31:09
1084,rb2210,SHFE,0_0_     1531264,     2106928,空,开,4958.0,5,2022-04-13 09:31:11
1085,rb2210,SHFE,0_0_     1531592,     2107649,多,平今,4957.0,4,2022-04-13 09:31:15
1086,rb2210,SHFE,0_0_     1532186,     2107739,空,开,4958.0,7,2022-04-13 09:31:16
1087,rb2210,SHFE,0_0_     1532370,     2115774,多,平今,4957.0,6,2022-04-13 09:32:11
1088,rb2210,SHFE,0_0_     1532370,     2115810,多,平今,4957.0,1,2022-04-13 09:32:11
1089,rb2210,SHFE,0_0_     1539202,     2116842,空,平今,4957.0,3,2022-04-13 09:32:16
1090,rb2210,SHFE,0_0_     1540351,     2118215,空,平今,4957.0,2,2022-04-13 09:32:25
1091,rb2210,SHFE,0_0_     1538849,     2120801,空,开,4958.0,2,2022-04-13 09:32:42
1092,rb2210,SHFE,0_0_     1538849,     2120834,空,开,4958.0,1,2022-04-13 09:32:43
1093,rb2210,SHFE,0_0_     1538849,     2120915,空,开,4958.0,4,2022-04-13 09:32:43
1094,rb2210,SHFE,0_0_     1542867,     2121431,多,平今,4957.0,4,2022-04-13 09:32:46
1095,rb2210,SHFE,0_0_     1543079,     2122122,空,开,4958.0,3,2022-04-13 09:32:53
1096,rb2210,SHFE,0_0_     1544539,     2123126,多,平今,4958.0,3,2022-04-13 09:32:59
1097,rb2210,SHFE,0_0_     1543728,     2123217,多,平今,4957.0,3,2022-04-13 09:33:00
1098,rb2210,SHFE,0_0_     1544728,     2123234,空,开,4958.0,3,2022-04-13 09:33:00
1099,rb2210,SHFE,0_0_     1544729,     2123393,多,平今,4957.0,3,2022-04-13 09:33:01
1100,rb2210,SHFE,0_0_     1544876,     2124199,空,开,4958.0,4,2022-04-13 09:33:06
1101,rb2210,SHFE,0_0_     1545972,     2127464,多,开,4958.0,2,2022-04-13 09:33:29
1102,rb2210,SHFE,0_0_     1550156,     2129321,多,开,4958.0,3,2022-04-13 09:33:44
1103,rb2210,SHFE,0_0_     1550763,     2130142,空,平今,4959.0,1,2022-04-13 09:33:55
1104,rb2210,SHFE,0_0_     1554649,     2132166,多,开,4964.0,1,2022-04-13 09:34:13
1105,rb2210,SHFE,0_0_     1555278,     2132963,空,平今,4963.0,1,2022-04-13 09:34:17
1106,rb2210,SHFE,0_0_     1559962,     2138123,空,平今,4962.0,1,2022-04-13 09:35:06
1107,rb2210,SHFE,0_0_     1559962,     2138150,空,平今,4962.0,2,2022-04-13 09:35:06
1108,rb2210,SHFE,0_0_     1561194,     2138267,多,开,4961.0,3,2022-04-13 09:35:07
1109,rb2210,SHFE,0_0_     1561830,     2138548,空,平今,4962.0,1,2022-04-13 09:35:10
1110,rb2210,SHFE,0_0_     1552085,     2142338,多,平今,4958.000000000001,1,2022-04-13 09:35:40
1111,rb2210,SHFE,0_0_     1552277,     2142358,多,开,4958.000000000001,1,2022-04-13 09:35:40
1112,rb2210,SHFE,0_0_     1566441,     2142888,空,开,4959.0,2,2022-04-13 09:35:44
1113,rb2210,SHFE,0_0_     1545613,     2144253,多,平今,4957.0,4,2022-04-13 09:35:55
1114,rb2210,SHFE,0_0_     1567985,     2145114,空,开,4957.0,2,2022-04-13 09:36:01
1115,rb2210,SHFE,0_0_     1568676,     2145621,空,平今,4956.0,1,2022-04-13 09:36:05
1116,rb2210,SHFE,0_0_     1569151,     2145985,多,开,4956.0,5,2022-04-13 09:36:08
1117,rb2210,SHFE,0_0_     1569201,     2147190,空,平今,4957.0,1,2022-04-13 09:36:18
1118,rb2210,SHFE,0_0_     1570445,     2147708,多,平今,4956.0,1,2022-04-13 09:36:21
1119,rb2210,SHFE,0_0_     1570445,     2147715,多,平今,4956.0,1,2022-04-13 09:36:21
1120,rb2210,SHFE,0_0_     1567875,     2148578,空,开,4958.0,4,2022-04-13 09:36:28
1121,rb2210,SHFE,0_0_     1574554,     2151195,多,平今,4962.0,1,2022-04-13 09:36:50
1122,rb2210,SHFE,0_0_     1563193,     2151295,空,平今,4963.0,1,2022-04-13 09:36:51
1123,rb2210,SHFE,0_0_     1563193,     2151302,空,平今,4963.0,2,2022-04-13 09:36:51
1124,rb2210,SHFE,0_0_     1574742,     2151332,多,开,4962.0,3,2022-04-13 09:36:51
1125,rb2210,SHFE,0_0_     1575521,     2153885,空,平今,4961.0,1,2022-04-13 09:37:00
1126,rb2210,SHFE,0_0_     1578262,     2157405,空,平今,4961.0,3,2022-04-13 09:37:19
1127,rb2210,SHFE,0_0_     1578531,     2159531,多,开,4960.0,4,2022-04-13 09:37:31
1128,rb2210,SHFE,0_0_     1571719,     2166475,多,平今,4957.0,4,2022-04-13 09:38:09
1129,rb2210,SHFE,0_0_     1571405,     2167633,多,平今,4956.0,1,2022-04-13 09:38:17
1130,rb2210,SHFE,0_0_     1589362,     2169541,空,平今,4955.0,1,2022-04-13 09:38:24
1131,rb2210,SHFE,0_0_     1588873,     2170011,空,开,4956.0,2,2022-04-13 09:38:27
1132,rb2210,SHFE,0_0_     1590084,     2170677,多,平今,4955.000000000001,1,2022-04-13 09:38:33
1133,rb2210,SHFE,0_0_     1590264,     2170688,多,平今,4955.000000000001,1,2022-04-13 09:38:33
1134,rb2210,SHFE,0_0_     1590456,     2171112,空,开,4956.0,1,2022-04-13 09:38:37
1135,rb2210,SHFE,0_0_     1590456,     2171228,空,开,4956.0,1,2022-04-13 09:38:38
1136,rb2210,SHFE,0_0_     1592136,     2172690,多,平今,4954.0,1,2022-04-13 09:38:45
1137,rb2210,SHFE,0_0_     1592687,     2172935,多,平今,4954.0,1,2022-04-13 09:38:48
1138,rb2210,SHFE,0_0_     1592910,     2172979,多,开,4954.0,1,2022-04-13 09:38:49
1139,rb2210,SHFE,0_0_     1592944,     2172982,多,开,4954.0,1,2022-04-13 09:38:49
1140,rb2210,SHFE,0_0_     1593202,     2173387,空,平今,4955.0,1,2022-04-13 09:38:51
1141,rb2210,SHFE,0_0_     1593488,     2174122,空,开,4954.0,2,2022-04-13 09:38:55
1142,rb2210,SHFE,0_0_     1594232,     2175285,空,平今,4954.0,3,2022-04-13 09:39:03
1143,rb2210,SHFE,0_0_     1593259,     2175792,空,平今,4955.0,1,2022-04-13 09:39:06
1144,rb2210,SHFE,0_0_     1595366,     2177929,多,平今,4954.0,1,2022-04-13 09:39:19
1145,rb2210,SHFE,0_0_     1597747,     2178181,多,开,4954.0,2,2022-04-13 09:39:21
1146,rb2210,SHFE,0_0_     1598197,     2178853,空,平今,4954.0,1,2022-04-13 09:39:24
1147,rb2210,SHFE,0_0_     1598197,     2178854,空,平今,4954.0,1,2022-04-13 09:39:24
1148,rb2210,SHFE,0_0_     1598486,     2179127,空,开,4955.0,1,2022-04-13 09:39:26
1149,rb2210,SHFE,0_0_     1598265,     2180528,多,开,4953.0,4,2022-04-13 09:39:36
1150,rb2210,SHFE,0_0_     1600320,     2182072,空,平今,4954.0,4,2022-04-13 09:39:42
1151,rb2210,SHFE,0_0_     1601622,     2182620,多,平今,4955.0,1,2022-04-13 09:39:44
1152,rb2210,SHFE,0_0_     1601724,     2183032,多,开,4955.0,4,2022-04-13 09:39:47
1153,rb2210,SHFE,0_0_     1602505,     2184428,多,平今,4955.0,1,2022-04-13 09:39:57
1154,rb2210,SHFE,0_0_     1604052,     2184915,空,平今,4956.0,3,2022-04-13 09:40:00
1155,rb2210,SHFE,0_0_     1604302,     2184918,多,开,4955.0,1,2022-04-13 09:40:00
1156,rb2210,SHFE,0_0_     1604302,     2184919,多,开,4955.0,1,2022-04-13 09:40:00
1157,rb2210,SHFE,0_0_     1604302,     2184923,多,开,4955.0,1,2022-04-13 09:40:00
1158,rb2210,SHFE,0_0_     1604308,     2185290,空,平今,4956.0,3,2022-04-13 09:40:03
1159,rb2210,SHFE,0_0_     1587891,     2186221,空,开,4958.0,2,2022-04-13 09:40:05
1160,rb2210,SHFE,0_0_     1585881,     2186300,空,平今,4959.0,2,2022-04-13 09:40:06
1161,rb2210,SHFE,0_0_     1585881,     2186355,空,平今,4959.0,1,2022-04-13 09:40:06
1162,rb2210,SHFE,0_0_     1607173,     2187654,多,平今,4958.0,1,2022-04-13 09:40:16
1163,rb2210,SHFE,0_0_     1611288,     2192068,多,平今,4956.0,1,2022-04-13 09:40:45
1164,rb2210,SHFE,0_0_     1611906,     2194004,空,开,4957.0,3,2022-04-13 09:40:56
1165,rb2210,SHFE,0_0_     1613440,     2194327,多,平今,4957.0,2,2022-04-13 09:40:59
1166,rb2210,SHFE,0_0_     1614008,     2194801,多,开,4958.0,1,2022-04-13 09:41:02
1167,rb2210,SHFE,0_0_     1614008,     2194802,多,开,4958.0,1,2022-04-13 09:41:02
1168,rb2210,SHFE,0_0_     1614008,     2194803,多,开,4958.0,1,2022-04-13 09:41:02
1169,rb2210,SHFE,0_0_     1614452,     2195054,多,平今,4959.0,1,2022-04-13 09:41:04
1170,rb2210,SHFE,0_0_     1615465,     2195899,多,开,4960.0,3,2022-04-13 09:41:08
1171,rb2210,SHFE,0_0_     1618649,     2200085,空,平今,4956.0,3,2022-04-13 09:41:38
1172,rb2210,SHFE,0_0_     1620704,     2202891,多,开,4955.0,2,2022-04-13 09:42:00
1173,rb2210,SHFE,0_0_     1622891,     2204629,空,平今,4957.0,3,2022-04-13 09:42:15
1174,rb2210,SHFE,0_0_     1623493,     2204737,空,平今,4957.0,1,2022-04-13 09:42:15
1175,rb2210,SHFE,0_0_     1627341,     2208366,多,开,4959.0,2,2022-04-13 09:42:39
1176,rb2210,SHFE,0_0_     1636858,     2217007,空,平今,4964.0,4,2022-04-13 09:43:51
1177,rb2210,SHFE,0_0_     1637753,     2217569,空,开,4964.0,2,2022-04-13 09:43:58
1178,rb2210,SHFE,0_0_     1638020,     2217673,多,平今,4963.0,1,2022-04-13 09:43:59
1179,rb2210,SHFE,0_0_     1638020,     2217720,多,平今,4963.0,1,2022-04-13 09:44:00
1180,rb2210,SHFE,0_0_     1638033,     2217863,多,开,4963.0,2,2022-04-13 09:44:01
1181,rb2210,SHFE,0_0_     1638033,     2217908,多,开,4963.0,2,2022-04-13 09:44:01
1182,rb2210,SHFE,0_0_     1638419,     2218346,空,平今,4964.0,2,2022-04-13 09:44:05
1183,rb2210,SHFE,0_0_     1638914,     2218395,多,开,4963.0,2,2022-04-13 09:44:05
1184,rb2210,SHFE,0_0_     1640800,     2220485,空,平今,4962.0,3,2022-04-13 09:44:17
1185,rb2210,SHFE,0_0_     1640800,     2220493,空,平今,4962.0,1,2022-04-13 09:44:17
1186,rb2210,SHFE,0_0_     1641442,     2221208,多,开,4961.0,1,2022-04-13 09:44:23
1187,rb2210,SHFE,0_0_     1641442,     2221212,多,开,4961.0,1,2022-04-13 09:44:23
1188,rb2210,SHFE,0_0_     1641442,     2221365,多,开,4961.0,1,2022-04-13 09:44:24
1189,rb2210,SHFE,0_0_     1641535,     2222042,空,平今,4962.0,1,2022-04-13 09:44:30
1190,rb2210,SHFE,0_0_     1642683,     2222302,空,平今,4961.0,1,2022-04-13 09:44:34
1191,rb2210,SHFE,0_0_     1643555,     2223346,空,平今,4960.0,1,2022-04-13 09:44:43
1192,rb2210,SHFE,0_0_     1643853,     2223633,多,开,4960.0,1,2022-04-13 09:44:44
1193,rb2210,SHFE,0_0_     1643853,     2223634,多,开,4960.0,1,2022-04-13 09:44:44
1194,rb2210,SHFE,0_0_     1643853,     2223642,多,开,4960.0,1,2022-04-13 09:44:44
1195,rb2210,SHFE,0_0_     1643918,     2223819,空,平今,4961.0,3,2022-04-13 09:44:45
1196,rb2210,SHFE,0_0_     1644376,     2224375,空,开,4962.0,1,2022-04-13 09:44:48
1197,rb2210,SHFE,0_0_     1644376,     2224376,空,开,4962.0,7,2022-04-13 09:44:48
1198,rb2210,SHFE,0_0_     1644008,     2224626,多,开,4960.0,3,2022-04-13 09:44:51
1199,rb2210,SHFE,0_0_     1644676,     2225432,多,平今,4960.0,1,2022-04-13 09:44:58
1200,rb2210,SHFE,0_0_     1644676,     2225507,多,平今,4960.0,1,2022-04-13 09:44:59
1201,rb2210,SHFE,0_0_     1644676,     2225642,多,平今,4960.0,1,2022-04-13 09:45:00
1202,rb2210,SHFE,0_0_     1645710,     2225870,空,平今,4961.0,2,2022-04-13 09:45:01
1203,rb2210,SHFE,0_0_     1645710,     2225874,空,平今,4961.0,1,2022-04-13 09:45:01
1204,rb2210,SHFE,0_0_     1645828,     2225939,多,平今,4960.000000000001,3,2022-04-13 09:45:01
1205,rb2210,SHFE,0_0_     1645887,     2226741,空,开,4961.0,3,2022-04-13 09:45:05
1206,rb2210,SHFE,0_0_     1646360,     2226836,多,平今,4960.0,5,2022-04-13 09:45:06
1207,rb2210,SHFE,0_0_     1646394,     2227499,多,开,4960.000000000001,2,2022-04-13 09:45:09
1208,rb2210,SHFE,0_0_     1646854,     2227661,空,平今,4961.0,1,2022-04-13 09:45:11
1209,rb2210,SHFE,0_0_     1646854,     2227676,空,平今,4961.0,1,2022-04-13 09:45:11
1210,rb2210,SHFE,0_0_     1650352,     2231007,多,开,4962.0,1,2022-04-13 09:45:41
1211,rb2210,SHFE,0_0_     1650394,     2232221,空,平今,4963.0,1,2022-04-13 09:45:53
1212,rb2210,SHFE,0_0_     1647061,     2235109,多,开,4960.0,2,2022-04-13 09:46:19
1213,rb2210,SHFE,0_0_     1656439,     2236167,空,平今,4961.0,2,2022-04-13 09:46:28
1214,rb2210,SHFE,0_0_     1664807,     2242397,空,开,4967.0,6,2022-04-13 09:47:18
1215,rb2210,SHFE,0_0_     1665030,     2242426,多,平今,4966.0,1,2022-04-13 09:47:18
1216,rb2210,SHFE,0_0_     1665037,     2242493,空,开,4967.0,1,2022-04-13 09:47:19
1217,rb2210,SHFE,0_0_     1669340,     2246653,多,平今,4970.0,3,2022-04-13 09:48:00
1218,rb2210,SHFE,0_0_     1670109,     2247625,空,开,4969.0,4,2022-04-13 09:48:05
1219,rb2210,SHFE,0_0_     1670670,     2248009,多,平今,4968.0,4,2022-04-13 09:48:09
1220,rb2210,SHFE,0_0_     1670936,     2248115,空,开,4968.0,2,2022-04-13 09:48:10
1221,rb2210,SHFE,0_0_     1668033,     2248336,多,平今,4967.0,1,2022-04-13 09:48:12
1222,rb2210,SHFE,0_0_     1668033,     2248338,多,平今,4967.0,1,2022-04-13 09:48:12
1223,rb2210,SHFE,0_0_     1668033,     2248340,多,平今,4967.0,1,2022-04-13 09:48:12
1224,rb2210,SHFE,0_0_     1671175,     2248460,空,开,4968.0,2,2022-04-13 09:48:14
1225,rb2210,SHFE,0_0_     1671175,     2248505,空,开,4968.0,1,2022-04-13 09:48:14
1226,rb2210,SHFE,0_0_     1671175,     2248506,空,开,4968.0,1,2022-04-13 09:48:14
1227,rb2210,SHFE,0_0_     1671175,     2248507,空,开,4968.0,1,2022-04-13 09:48:14
1228,rb2210,SHFE,0_0_     1671357,     2248803,空,开,4968.000000000001,1,2022-04-13 09:48:18
1229,rb2210,SHFE,0_0_     1662533,     2250847,多,开,4965.0,2,2022-04-13 09:48:43
1230,rb2210,SHFE,0_0_     1673807,     2251195,空,平今,4966.0,1,2022-04-13 09:48:46
1231,rb2210,SHFE,0_0_     1673891,     2251196,空,平今,4966.0,1,2022-04-13 09:48:46
1232,rb2210,SHFE,0_0_     1674616,     2251798,多,平今,4966.0,3,2022-04-13 09:48:56
