,code,exchange,orderid,tradeid,direction,offset,price,volume,datetime
0,rb2210,SHFE,0_0_      158504,      407777,多,开,5118.0,1,2022-04-06 21:19:49
1,rb2210,SHFE,0_0_      158504,      407778,多,开,5118.0,1,2022-04-06 21:19:49
2,rb2210,SHFE,0_0_      158598,      408159,多,开,5118.0,1,2022-04-06 21:19:52
3,rb2210,SHFE,0_0_      158598,      408169,多,开,5118.0,1,2022-04-06 21:19:52
4,rb2210,SHFE,0_0_      159190,      408573,多,开,5118.0,1,2022-04-06 21:19:55
5,rb2210,SHFE,0_0_      161916,      412334,空,平今,5116.0,3,2022-04-06 21:20:10
6,rb2210,SHFE,0_0_      190172,      446435,多,开,5115.0,1,2022-04-06 21:23:06
7,rb2210,SHFE,0_0_      180724,      448212,多,开,5112.0,2,2022-04-06 21:23:16
8,rb2210,SHFE,0_0_      180724,      448238,多,开,5112.0,1,2022-04-06 21:23:16
9,rb2210,SHFE,0_0_      180724,      448341,多,开,5112.0,1,2022-04-06 21:23:17
10,rb2210,SHFE,0_0_      191757,      449592,空,平今,5112.0,2,2022-04-06 21:23:23
11,rb2210,SHFE,0_0_      191757,      449616,空,平今,5112.0,1,2022-04-06 21:23:23
12,rb2210,SHFE,0_0_      191757,      449630,空,平今,5112.0,1,2022-04-06 21:23:23
13,rb2210,SHFE,0_0_      192179,      449795,多,开,5111.0,4,2022-04-06 21:23:25
14,rb2210,SHFE,0_0_      192587,      450268,空,平今,5111.0,1,2022-04-06 21:23:28
15,rb2210,SHFE,0_0_      206862,      468514,空,平今,5108.0,2,2022-04-06 21:25:01
16,rb2210,SHFE,0_0_      236495,      503363,空,平今,5112.0,2,2022-04-06 21:27:57
17,rb2210,SHFE,0_0_      236495,      503380,空,平今,5112.0,1,2022-04-06 21:27:57
18,rb2210,SHFE,0_0_      250275,      515756,多,开,5116.0,1,2022-04-06 21:29:18
19,rb2210,SHFE,0_0_      251026,      516541,多,开,5116.0,2,2022-04-06 21:29:25
20,rb2210,SHFE,0_0_      251878,      517145,空,平今,5117.0,1,2022-04-06 21:29:30
21,rb2210,SHFE,0_0_      252270,      517418,空,平今,5117.0,2,2022-04-06 21:29:33
22,rb2210,SHFE,0_0_      261172,      528551,多,开,5121.0,1,2022-04-06 21:30:19
23,rb2210,SHFE,0_0_      261172,      528560,多,开,5121.0,3,2022-04-06 21:30:19
24,rb2210,SHFE,0_0_      262081,      530037,空,平今,5123.0,1,2022-04-06 21:30:24
25,rb2210,SHFE,0_0_      262243,      530165,多,开,5122.0,1,2022-04-06 21:30:24
26,rb2210,SHFE,0_0_      262326,      530578,空,平今,5123.0,1,2022-04-06 21:30:26
27,rb2210,SHFE,0_0_      262624,      530710,多,开,5122.0,4,2022-04-06 21:30:27
28,rb2210,SHFE,0_0_      262825,      531151,空,平今,5123.0,1,2022-04-06 21:30:29
29,rb2210,SHFE,0_0_      262825,      531152,空,平今,5123.0,1,2022-04-06 21:30:29
30,rb2210,SHFE,0_0_      262825,      531153,空,平今,5123.0,1,2022-04-06 21:30:29
31,rb2210,SHFE,0_0_      262825,      531154,空,平今,5123.0,1,2022-04-06 21:30:29
32,rb2210,SHFE,0_0_      263244,      531271,多,开,5122.000000000001,1,2022-04-06 21:30:30
33,rb2210,SHFE,0_0_      263244,      531272,多,开,5122.000000000001,1,2022-04-06 21:30:30
34,rb2210,SHFE,0_0_      263244,      531273,多,开,5122.000000000001,1,2022-04-06 21:30:30
35,rb2210,SHFE,0_0_      263244,      531274,多,开,5122.000000000001,1,2022-04-06 21:30:30
36,rb2210,SHFE,0_0_      264026,      532241,空,平今,5123.000000000001,1,2022-04-06 21:30:34
37,rb2210,SHFE,0_0_      264026,      532244,空,平今,5123.000000000001,1,2022-04-06 21:30:34
38,rb2210,SHFE,0_0_      309780,      578822,空,开,5118.0,1,2022-04-06 21:35:17
39,rb2210,SHFE,0_0_      309780,      578835,空,开,5118.0,1,2022-04-06 21:35:17
40,rb2210,SHFE,0_0_      309780,      578915,空,开,5118.0,1,2022-04-06 21:35:17
41,rb2210,SHFE,0_0_      309780,      578919,空,开,5118.0,1,2022-04-06 21:35:17
42,rb2210,SHFE,0_0_      309780,      578921,空,开,5118.0,1,2022-04-06 21:35:17
43,rb2210,SHFE,0_0_      309780,      578935,空,开,5118.0,1,2022-04-06 21:35:17
44,rb2210,SHFE,0_0_      270964,      583085,空,平今,5121.0,1,2022-04-06 21:35:44
45,rb2210,SHFE,0_0_      330092,      601934,多,平今,5118.0,1,2022-04-06 21:37:25
46,rb2210,SHFE,0_0_      330092,      602295,多,平今,5118.0,1,2022-04-06 21:37:26
47,rb2210,SHFE,0_0_      331207,      602671,空,平今,5119.0,2,2022-04-06 21:37:29
48,rb2210,SHFE,0_0_      373709,      644678,空,平今,5115.0,2,2022-04-06 21:42:15
49,rb2210,SHFE,0_0_      379853,      652386,多,平今,5113.0,4,2022-04-06 21:42:56
50,rb2210,SHFE,0_0_      380754,      654185,空,开,5114.0,4,2022-04-06 21:43:06
51,rb2210,SHFE,0_0_      374391,      661942,空,开,5115.0,3,2022-04-06 21:43:52
52,rb2210,SHFE,0_0_      374391,      661943,空,开,5115.0,1,2022-04-06 21:43:52
53,rb2210,SHFE,0_0_      394061,      672176,多,平今,5109.0,1,2022-04-06 21:44:39
54,rb2210,SHFE,0_0_      395099,      673239,空,平今,5110.0,1,2022-04-06 21:44:44
55,rb2210,SHFE,0_0_      395317,      673883,多,平今,5109.0,2,2022-04-06 21:44:47
56,rb2210,SHFE,0_0_      395612,      676017,空,开,5110.0,2,2022-04-06 21:44:56
57,rb2210,SHFE,0_0_      396878,      676997,多,平今,5110.0,1,2022-04-06 21:45:00
58,rb2210,SHFE,0_0_      397200,      677697,空,开,5111.0,1,2022-04-06 21:45:02
59,rb2210,SHFE,0_0_      400124,      681674,多,开,5117.0,4,2022-04-06 21:45:15
60,rb2210,SHFE,0_0_      400256,      685487,多,开,5118.0,1,2022-04-06 21:45:29
61,rb2210,SHFE,0_0_      400256,      685586,多,开,5118.0,1,2022-04-06 21:45:30
62,rb2210,SHFE,0_0_      400256,      685603,多,开,5118.0,1,2022-04-06 21:45:30
63,rb2210,SHFE,0_0_      400256,      685614,多,开,5118.0,1,2022-04-06 21:45:30
64,rb2210,SHFE,0_0_      402898,      685662,空,平今,5119.0,3,2022-04-06 21:45:30
65,rb2210,SHFE,0_0_      414484,      698284,多,平今,5116.0,1,2022-04-06 21:47:03
66,rb2210,SHFE,0_0_      406219,      701376,空,平今,5119.0,2,2022-04-06 21:47:26
67,rb2210,SHFE,0_0_      406219,      701448,空,平今,5119.0,1,2022-04-06 21:47:27
68,rb2210,SHFE,0_0_      406219,      701490,空,平今,5119.0,1,2022-04-06 21:47:27
69,rb2210,SHFE,0_0_      417775,      702155,多,开,5120.0,4,2022-04-06 21:47:31
70,rb2210,SHFE,0_0_      425117,      713412,多,平今,5128.0,1,2022-04-06 21:48:26
71,rb2210,SHFE,0_0_      425117,      713413,多,平今,5128.0,2,2022-04-06 21:48:26
72,rb2210,SHFE,0_0_      427887,      719144,空,平今,5134.0,3,2022-04-06 21:48:47
73,rb2210,SHFE,0_0_      428894,      720641,空,开,5132.0,3,2022-04-06 21:48:55
74,rb2210,SHFE,0_0_      434446,      730137,空,平今,5133.0,1,2022-04-06 21:49:38
75,rb2210,SHFE,0_0_      434449,      730590,多,平今,5132.0,1,2022-04-06 21:49:42
76,rb2210,SHFE,0_0_      439120,      736556,空,开,5130.0,1,2022-04-06 21:50:12
77,rb2210,SHFE,0_0_      441522,      739524,多,平今,5130.0,1,2022-04-06 21:50:29
78,rb2210,SHFE,0_0_      441522,      739555,多,平今,5130.0,3,2022-04-06 21:50:29
79,rb2210,SHFE,0_0_      441637,      739703,多,开,5132.0,1,2022-04-06 21:50:30
80,rb2210,SHFE,0_0_      441637,      739714,多,开,5132.0,3,2022-04-06 21:50:30
81,rb2210,SHFE,0_0_      441653,      740039,空,平今,5133.0,4,2022-04-06 21:50:33
82,rb2210,SHFE,0_0_      441867,      740145,空,开,5133.0,4,2022-04-06 21:50:33
83,rb2210,SHFE,0_0_      441892,      741510,多,平今,5132.0,4,2022-04-06 21:50:43
84,rb2210,SHFE,0_0_      443132,      742055,空,开,5133.0,3,2022-04-06 21:50:45
85,rb2210,SHFE,0_0_      443132,      742056,空,开,5133.0,1,2022-04-06 21:50:45
86,rb2210,SHFE,0_0_      443518,      742398,多,平今,5132.0,1,2022-04-06 21:50:47
87,rb2210,SHFE,0_0_      443518,      742403,多,平今,5132.0,3,2022-04-06 21:50:47
88,rb2210,SHFE,0_0_      443752,      742798,空,开,5133.0,4,2022-04-06 21:50:51
89,rb2210,SHFE,0_0_      444147,      743512,多,平今,5132.0,4,2022-04-06 21:50:56
90,rb2210,SHFE,0_0_      444834,      743553,空,开,5133.0,5,2022-04-06 21:50:56
91,rb2210,SHFE,0_0_      444887,      747767,多,平今,5132.0,5,2022-04-06 21:51:21
92,rb2210,SHFE,0_0_      451690,      750083,空,平今,5130.0,1,2022-04-06 21:51:42
93,rb2210,SHFE,0_0_      452340,      750560,空,开,5130.0,1,2022-04-06 21:51:50
94,rb2210,SHFE,0_0_      449128,      754383,空,开,5133.0,2,2022-04-06 21:52:19
95,rb2210,SHFE,0_0_      449128,      754390,空,开,5133.0,3,2022-04-06 21:52:19
96,rb2210,SHFE,0_0_      456652,      754421,多,平今,5132.0,3,2022-04-06 21:52:20
97,rb2210,SHFE,0_0_      456652,      754423,多,平今,5132.0,2,2022-04-06 21:52:20
98,rb2210,SHFE,0_0_      456702,      754555,多,平今,5132.0,2,2022-04-06 21:52:20
99,rb2210,SHFE,0_0_      460504,      758050,空,开,5130.0,1,2022-04-06 21:52:45
100,rb2210,SHFE,0_0_      464501,      762383,多,平今,5134.0,1,2022-04-06 21:53:32
101,rb2210,SHFE,0_0_      465179,      763389,空,开,5134.0,3,2022-04-06 21:53:40
102,rb2210,SHFE,0_0_      465525,      763487,多,平今,5133.0,3,2022-04-06 21:53:41
103,rb2210,SHFE,0_0_      467718,      768359,空,开,5128.0,3,2022-04-06 21:54:06
104,rb2210,SHFE,0_0_      469107,      770760,多,平今,5130.0,1,2022-04-06 21:54:22
105,rb2210,SHFE,0_0_      470588,      771017,空,开,5131.0,1,2022-04-06 21:54:25
106,rb2210,SHFE,0_0_      479178,      782569,多,开,5131.0,4,2022-04-06 21:56:14
107,rb2210,SHFE,0_0_      479178,      782570,多,开,5131.0,4,2022-04-06 21:56:14
108,rb2210,SHFE,0_0_      485281,      786743,空,平今,5131.0,1,2022-04-06 21:57:00
109,rb2210,SHFE,0_0_      465596,      789860,空,开,5134.0,1,2022-04-06 21:57:35
110,rb2210,SHFE,0_0_      465596,      789863,空,开,5134.0,1,2022-04-06 21:57:35
111,rb2210,SHFE,0_0_      465596,      789865,空,开,5134.0,1,2022-04-06 21:57:35
112,rb2210,SHFE,0_0_      491183,      790875,多,平今,5133.0,1,2022-04-06 21:57:47
113,rb2210,SHFE,0_0_      502996,      801762,空,平今,5127.000000000001,3,2022-04-06 21:59:26
114,rb2210,SHFE,0_0_      492664,      820016,空,平今,5134.0,2,2022-04-06 22:00:48
115,rb2210,SHFE,0_0_      517086,      820179,多,平今,5133.0,2,2022-04-06 22:00:49
116,rb2210,SHFE,0_0_      514355,      822716,多,平今,5131.0,1,2022-04-06 22:01:06
117,rb2210,SHFE,0_0_      514355,      822718,多,平今,5131.0,1,2022-04-06 22:01:06
118,rb2210,SHFE,0_0_      514355,      823025,多,平今,5131.0,1,2022-04-06 22:01:08
119,rb2210,SHFE,0_0_      540346,      845461,空,平今,5129.0,2,2022-04-06 22:04:19
120,rb2210,SHFE,0_0_      542367,      845773,多,开,5128.0,2,2022-04-06 22:04:23
121,rb2210,SHFE,0_0_      542782,      845807,空,平今,5129.0,2,2022-04-06 22:04:23
122,rb2210,SHFE,0_0_      542803,      846853,多,开,5128.0,1,2022-04-06 22:04:38
123,rb2210,SHFE,0_0_      542803,      846854,多,开,5128.0,1,2022-04-06 22:04:38
124,rb2210,SHFE,0_0_      544272,      847272,空,平今,5129.0,2,2022-04-06 22:04:42
125,rb2210,SHFE,0_0_      544486,      849631,多,开,5128.0,2,2022-04-06 22:05:04
126,rb2210,SHFE,0_0_      550723,      852783,空,开,5126.0,1,2022-04-06 22:05:39
127,rb2210,SHFE,0_0_      550723,      852826,空,开,5126.0,1,2022-04-06 22:05:39
128,rb2210,SHFE,0_0_      550723,      852886,空,开,5126.0,1,2022-04-06 22:05:40
129,rb2210,SHFE,0_0_      550723,      852918,空,开,5126.0,1,2022-04-06 22:05:40
130,rb2210,SHFE,0_0_      551423,      853984,多,平今,5125.0,3,2022-04-06 22:05:48
131,rb2210,SHFE,0_0_      551423,      854001,多,平今,5125.0,1,2022-04-06 22:05:48
132,rb2210,SHFE,0_0_      551918,      854053,空,开,5126.0,4,2022-04-06 22:05:49
133,rb2210,SHFE,0_0_      551973,      858711,多,平今,5125.0,4,2022-04-06 22:06:41
134,rb2210,SHFE,0_0_      558061,      858798,空,开,5126.0,4,2022-04-06 22:06:41
135,rb2210,SHFE,0_0_      558542,      861316,多,平今,5125.0,1,2022-04-06 22:07:09
136,rb2210,SHFE,0_0_      558542,      863318,多,平今,5125.0,1,2022-04-06 22:07:35
137,rb2210,SHFE,0_0_      558542,      863526,多,平今,5125.0,2,2022-04-06 22:07:38
138,rb2210,SHFE,0_0_      563979,      863634,空,平今,5126.0,2,2022-04-06 22:07:40
139,rb2210,SHFE,0_0_      578592,      876735,多,开,5118.0,1,2022-04-06 22:09:55
140,rb2210,SHFE,0_0_      578592,      876736,多,开,5118.0,1,2022-04-06 22:09:55
141,rb2210,SHFE,0_0_      578592,      876760,多,开,5118.0,2,2022-04-06 22:09:55
142,rb2210,SHFE,0_0_      578926,      877035,空,平今,5119.000000000001,4,2022-04-06 22:09:57
143,rb2210,SHFE,0_0_      572221,      879634,空,开,5125.0,2,2022-04-06 22:10:17
144,rb2210,SHFE,0_0_      597138,      896631,空,开,5131.0,2,2022-04-06 22:12:34
145,rb2210,SHFE,0_0_      594913,      901062,空,开,5132.0,1,2022-04-06 22:13:16
146,rb2210,SHFE,0_0_      603167,      901095,多,平今,5131.0,2,2022-04-06 22:13:16
147,rb2210,SHFE,0_0_      603167,      901116,多,平今,5131.0,1,2022-04-06 22:13:16
148,rb2210,SHFE,0_0_      603167,      901139,多,平今,5131.0,1,2022-04-06 22:13:16
149,rb2210,SHFE,0_0_      605944,      905334,多,开,5130.0,4,2022-04-06 22:13:44
150,rb2210,SHFE,0_0_      606510,      905409,空,平今,5131.0,2,2022-04-06 22:13:45
151,rb2210,SHFE,0_0_      606510,      905491,空,平今,5131.0,1,2022-04-06 22:13:45
152,rb2210,SHFE,0_0_      606510,      905575,空,平今,5131.0,1,2022-04-06 22:13:46
153,rb2210,SHFE,0_0_      606826,      927380,空,开,5131.0,1,2022-04-06 22:17:12
154,rb2210,SHFE,0_0_      606826,      927409,空,开,5131.0,1,2022-04-06 22:17:13
155,rb2210,SHFE,0_0_      606826,      927421,空,开,5131.0,1,2022-04-06 22:17:13
156,rb2210,SHFE,0_0_      630885,      928701,多,平今,5131.0,4,2022-04-06 22:17:23
157,rb2210,SHFE,0_0_      629940,      929407,多,平今,5130.0,1,2022-04-06 22:17:29
158,rb2210,SHFE,0_0_      637581,      935629,空,开,5131.0,1,2022-04-06 22:18:29
159,rb2210,SHFE,0_0_      637581,      935645,空,开,5131.0,1,2022-04-06 22:18:29
160,rb2210,SHFE,0_0_      637581,      935767,空,开,5131.0,1,2022-04-06 22:18:29
161,rb2210,SHFE,0_0_      637581,      935778,空,开,5131.0,1,2022-04-06 22:18:29
162,rb2210,SHFE,0_0_      638549,      937912,多,平今,5130.0,3,2022-04-06 22:18:55
163,rb2210,SHFE,0_0_      645507,      942058,空,开,5134.0,4,2022-04-06 22:19:37
164,rb2210,SHFE,0_0_      646038,      944454,多,平今,5133.0,1,2022-04-06 22:19:59
165,rb2210,SHFE,0_0_      646038,      944495,多,平今,5133.0,1,2022-04-06 22:19:59
166,rb2210,SHFE,0_0_      646038,      944625,多,平今,5133.0,1,2022-04-06 22:20:00
167,rb2210,SHFE,0_0_      646038,      947357,多,平今,5133.0,1,2022-04-06 22:20:20
168,rb2210,SHFE,0_0_      651016,      947512,空,开,5134.0,1,2022-04-06 22:20:22
169,rb2210,SHFE,0_0_      651016,      947540,空,开,5134.0,1,2022-04-06 22:20:22
170,rb2210,SHFE,0_0_      651016,      947542,空,开,5134.0,1,2022-04-06 22:20:22
171,rb2210,SHFE,0_0_      651272,      947629,多,平今,5133.0,3,2022-04-06 22:20:23
172,rb2210,SHFE,0_0_      651313,      949917,空,开,5134.0,3,2022-04-06 22:20:47
173,rb2210,SHFE,0_0_      653732,      950487,多,平今,5133.0,3,2022-04-06 22:20:54
174,rb2210,SHFE,0_0_      654228,      970008,空,开,5134.0,1,2022-04-06 22:24:15
175,rb2210,SHFE,0_0_      678200,      970109,多,平今,5133.0,2,2022-04-06 22:24:16
176,rb2210,SHFE,0_0_      678234,      970418,空,开,5134.0,2,2022-04-06 22:24:16
177,rb2210,SHFE,0_0_      681498,      975800,多,开,5141.0,3,2022-04-06 22:24:38
178,rb2210,SHFE,0_0_      681512,      975905,空,平今,5142.0,3,2022-04-06 22:24:39
179,rb2210,SHFE,0_0_      681663,      976054,空,开,5142.0,1,2022-04-06 22:24:40
180,rb2210,SHFE,0_0_      681764,      976116,多,开,5141.0,3,2022-04-06 22:24:41
181,rb2210,SHFE,0_0_      681765,      976284,空,平今,5142.0,3,2022-04-06 22:24:42
182,rb2210,SHFE,0_0_      681850,      976771,多,开,5141.0,3,2022-04-06 22:24:44
183,rb2210,SHFE,0_0_      689726,      984371,空,开,5139.0,1,2022-04-06 22:25:54
184,rb2210,SHFE,0_0_      691160,      986034,多,开,5140.0,4,2022-04-06 22:26:07
185,rb2210,SHFE,0_0_      691373,      986538,空,平今,5141.0,2,2022-04-06 22:26:11
186,rb2210,SHFE,0_0_      693797,      989273,空,平今,5140.0,1,2022-04-06 22:26:41
187,rb2210,SHFE,0_0_      694749,      989335,多,平今,5139.0,1,2022-04-06 22:26:41
188,rb2210,SHFE,0_0_      702460,      994963,多,平今,5136.0,1,2022-04-06 22:27:53
189,rb2210,SHFE,0_0_      702549,      995143,空,开,5137.0,1,2022-04-06 22:27:56
190,rb2210,SHFE,0_0_      704084,     1006583,多,平今,5136.0,1,2022-04-06 22:29:57
191,rb2210,SHFE,0_0_      678282,     1009102,多,平今,5133.0,2,2022-04-06 22:30:04
192,rb2210,SHFE,0_0_      727028,     1024863,空,开,5128.0,6,2022-04-06 22:31:24
193,rb2210,SHFE,0_0_      728894,     1026353,空,平今,5129.0,1,2022-04-06 22:31:35
194,rb2210,SHFE,0_0_      729269,     1026539,多,开,5129.0,3,2022-04-06 22:31:37
195,rb2210,SHFE,0_0_      729463,     1026638,多,平今,5129.0,2,2022-04-06 22:31:38
196,rb2210,SHFE,0_0_      733057,     1031213,空,平今,5129.0,1,2022-04-06 22:32:12
197,rb2210,SHFE,0_0_      758507,     1052668,多,平今,5132.0,2,2022-04-06 22:36:04
198,rb2210,SHFE,0_0_      715084,     1054946,空,开,5134.0,2,2022-04-06 22:36:34
199,rb2210,SHFE,0_0_      763412,     1055447,多,平今,5133.0,1,2022-04-06 22:36:36
200,rb2210,SHFE,0_0_      763412,     1055807,多,平今,5133.0,1,2022-04-06 22:36:39
201,rb2210,SHFE,0_0_      764165,     1055821,空,平今,5134.0,1,2022-04-06 22:36:39
202,rb2210,SHFE,0_0_      764166,     1056530,多,平今,5133.0,1,2022-04-06 22:36:45
203,rb2210,SHFE,0_0_      783048,     1074795,空,平今,5133.0,2,2022-04-06 22:39:43
204,rb2210,SHFE,0_0_      791345,     1081605,空,平今,5135.0,2,2022-04-06 22:40:52
205,rb2210,SHFE,0_0_      796228,     1085392,空,开,5131.0,5,2022-04-06 22:41:34
206,rb2210,SHFE,0_0_      796711,     1085895,多,平今,5130.0,1,2022-04-06 22:41:39
207,rb2210,SHFE,0_0_      796711,     1085896,多,平今,5130.0,1,2022-04-06 22:41:39
208,rb2210,SHFE,0_0_      802532,     1092079,多,平今,5127.0,1,2022-04-06 22:42:36
209,rb2210,SHFE,0_0_      802722,     1098809,空,开,5128.0,1,2022-04-06 22:43:38
210,rb2210,SHFE,0_0_      819965,     1108924,多,平今,5122.0,2,2022-04-06 22:45:05
211,rb2210,SHFE,0_0_      820008,     1109583,空,开,5123.0,2,2022-04-06 22:45:08
212,rb2210,SHFE,0_0_      820431,     1109683,多,平今,5122.0,2,2022-04-06 22:45:09
213,rb2210,SHFE,0_0_      820562,     1109777,空,开,5123.0,4,2022-04-06 22:45:09
214,rb2210,SHFE,0_0_      825725,     1114598,空,开,5125.0,1,2022-04-06 22:45:47
215,rb2210,SHFE,0_0_      826686,     1116723,多,平今,5126.0,1,2022-04-06 22:46:02
216,rb2210,SHFE,0_0_      826686,     1116946,多,平今,5126.0,1,2022-04-06 22:46:04
217,rb2210,SHFE,0_0_      829015,     1120908,空,开,5126.0,3,2022-04-06 22:46:25
218,rb2210,SHFE,0_0_      831713,     1120935,多,平今,5125.0,3,2022-04-06 22:46:25
219,rb2210,SHFE,0_0_      820612,     1123207,多,平今,5122.0,1,2022-04-06 22:46:44
220,rb2210,SHFE,0_0_      820612,     1123230,多,平今,5122.0,1,2022-04-06 22:46:44
221,rb2210,SHFE,0_0_      820612,     1123233,多,平今,5122.0,1,2022-04-06 22:46:44
222,rb2210,SHFE,0_0_      820612,     1123241,多,平今,5122.0,1,2022-04-06 22:46:44
223,rb2210,SHFE,0_0_      833971,     1123246,空,开,5123.0,3,2022-04-06 22:46:44
224,rb2210,SHFE,0_0_      833971,     1123339,空,开,5123.0,1,2022-04-06 22:46:45
225,rb2210,SHFE,0_0_      838714,     1127353,多,平今,5123.0,1,2022-04-06 22:47:21
226,rb2210,SHFE,0_0_      840964,     1141080,多,平今,5122.0,2,2022-04-06 22:49:51
227,rb2210,SHFE,0_0_      856331,     1143442,多,开,5119.0,1,2022-04-06 22:50:04
228,rb2210,SHFE,0_0_      856331,     1143443,多,开,5119.0,1,2022-04-06 22:50:04
229,rb2210,SHFE,0_0_      856331,     1143444,多,开,5119.0,6,2022-04-06 22:50:04
230,rb2210,SHFE,0_0_      855733,     1145333,空,开,5121.0,4,2022-04-06 22:50:20
231,rb2210,SHFE,0_0_      869564,     1158105,空,平今,5116.0,1,2022-04-06 22:52:15
232,rb2210,SHFE,0_0_      869564,     1158194,空,平今,5116.0,2,2022-04-06 22:52:16
233,rb2210,SHFE,0_0_      870591,     1158740,多,平今,5115.0,2,2022-04-06 22:52:19
234,rb2210,SHFE,0_0_      870758,     1158780,空,开,5116.0,2,2022-04-06 22:52:19
235,rb2210,SHFE,0_0_      870761,     1158943,多,平今,5115.0,2,2022-04-06 22:52:21
236,rb2210,SHFE,0_0_      879545,     1165637,多,平今,5113.0,1,2022-04-06 22:53:31
237,rb2210,SHFE,0_0_      880530,     1166017,多,平今,5114.0,1,2022-04-06 22:53:37
238,rb2210,SHFE,0_0_      884109,     1170318,多,开,5114.0,1,2022-04-06 22:54:20
239,rb2210,SHFE,0_0_      884109,     1170319,多,开,5114.0,1,2022-04-06 22:54:20
240,rb2210,SHFE,0_0_      884109,     1170320,多,开,5114.0,1,2022-04-06 22:54:20
241,rb2210,SHFE,0_0_      889678,     1175172,空,平今,5114.0,3,2022-04-06 22:55:07
242,rb2210,SHFE,0_0_      890178,     1175332,多,平今,5114.0,2,2022-04-06 22:55:08
243,rb2210,SHFE,0_0_      890402,     1175972,空,开,5114.0,2,2022-04-06 22:55:12
244,rb2210,SHFE,0_0_      890402,     1175976,空,开,5114.0,1,2022-04-06 22:55:12
245,rb2210,SHFE,0_0_      890402,     1175977,空,开,5114.0,1,2022-04-06 22:55:12
246,rb2210,SHFE,0_0_      891306,     1176793,空,开,5112.0,3,2022-04-06 22:55:18
247,rb2210,SHFE,0_0_      891306,     1176810,空,开,5112.0,1,2022-04-06 22:55:18
248,rb2210,SHFE,0_0_      891516,     1177237,多,平今,5111.0,5,2022-04-06 22:55:20
249,rb2210,SHFE,0_0_      891516,     1177239,多,平今,5111.0,1,2022-04-06 22:55:20
250,rb2210,SHFE,0_0_      891516,     1177240,多,平今,5111.0,1,2022-04-06 22:55:20
251,rb2210,SHFE,0_0_      891516,     1177242,多,平今,5111.0,1,2022-04-06 22:55:20
252,rb2210,SHFE,0_0_      891517,     1177271,空,开,5112.0,7,2022-04-06 22:55:20
253,rb2210,SHFE,0_0_      891526,     1177277,多,平今,5111.0,3,2022-04-06 22:55:20
254,rb2210,SHFE,0_0_      891526,     1177278,多,平今,5111.0,1,2022-04-06 22:55:20
255,rb2210,SHFE,0_0_      891526,     1177279,多,平今,5111.0,2,2022-04-06 22:55:20
256,rb2210,SHFE,0_0_      891526,     1177280,多,平今,5111.0,1,2022-04-06 22:55:20
257,rb2210,SHFE,0_0_      891527,     1177320,空,开,5112.0,7,2022-04-06 22:55:20
258,rb2210,SHFE,0_0_      891538,     1177368,多,平今,5111.0,7,2022-04-06 22:55:21
259,rb2210,SHFE,0_0_      891559,     1177447,空,开,5112.0,7,2022-04-06 22:55:21
260,rb2210,SHFE,0_0_      891564,     1177562,多,平今,5111.0,1,2022-04-06 22:55:22
261,rb2210,SHFE,0_0_      891564,     1177563,多,平今,5111.0,1,2022-04-06 22:55:22
262,rb2210,SHFE,0_0_      891564,     1177564,多,平今,5111.0,1,2022-04-06 22:55:22
263,rb2210,SHFE,0_0_      891564,     1177565,多,平今,5111.0,1,2022-04-06 22:55:22
264,rb2210,SHFE,0_0_      891564,     1177566,多,平今,5111.0,1,2022-04-06 22:55:22
265,rb2210,SHFE,0_0_      891564,     1177567,多,平今,5111.0,1,2022-04-06 22:55:22
266,rb2210,SHFE,0_0_      891564,     1177568,多,平今,5111.0,1,2022-04-06 22:55:22
267,rb2210,SHFE,0_0_      891653,     1179822,空,开,5112.0,1,2022-04-06 22:55:41
268,rb2210,SHFE,0_0_      891653,     1179959,空,开,5112.0,2,2022-04-06 22:55:42
269,rb2210,SHFE,0_0_      891653,     1179967,空,开,5112.0,1,2022-04-06 22:55:42
270,rb2210,SHFE,0_0_      891653,     1179987,空,开,5112.0,1,2022-04-06 22:55:42
271,rb2210,SHFE,0_0_      891653,     1180046,空,开,5112.0,2,2022-04-06 22:55:43
272,rb2210,SHFE,0_0_      893808,     1180148,多,平今,5111.0,2,2022-04-06 22:55:43
273,rb2210,SHFE,0_0_      895280,     1181765,空,平今,5111.0,3,2022-04-06 22:55:53
274,rb2210,SHFE,0_0_      901251,     1188575,空,平今,5108.0,1,2022-04-06 22:56:52
275,rb2210,SHFE,0_0_      901851,     1191071,多,平今,5106.0,1,2022-04-06 22:57:00
276,rb2210,SHFE,0_0_      901851,     1191076,多,平今,5106.0,1,2022-04-06 22:57:00
277,rb2210,SHFE,0_0_      901851,     1191085,多,平今,5106.0,1,2022-04-06 22:57:00
278,rb2210,SHFE,0_0_      901851,     1191091,多,平今,5106.0,1,2022-04-06 22:57:00
279,rb2210,SHFE,0_0_      904742,     1194699,空,开,5103.0,5,2022-04-06 22:57:18
280,rb2210,SHFE,0_0_      905227,     1196928,多,平今,5101.0,4,2022-04-06 22:57:21
281,rb2210,SHFE,0_0_      906086,     1199414,多,开,5100.0,4,2022-04-06 22:57:32
282,rb2210,SHFE,0_0_      906710,     1199572,空,开,5103.0,6,2022-04-06 22:57:32
283,rb2210,SHFE,0_0_      906832,     1199721,多,平今,5102.000000000001,4,2022-04-06 22:57:33
284,rb2210,SHFE,0_0_      906860,     1199739,空,平今,5103.0,2,2022-04-06 22:57:33
285,rb2210,SHFE,0_0_      906860,     1199839,空,平今,5103.0,2,2022-04-06 22:57:33
286,rb2210,SHFE,0_0_      906980,     1199850,多,平今,5102.0,1,2022-04-06 22:57:33
287,rb2210,SHFE,0_0_      906980,     1199852,多,平今,5102.0,1,2022-04-06 22:57:33
288,rb2210,SHFE,0_0_      906985,     1199921,空,开,5103.0,2,2022-04-06 22:57:34
289,rb2210,SHFE,0_0_      907033,     1200243,多,平今,5102.0,2,2022-04-06 22:57:37
290,rb2210,SHFE,0_0_      907867,     1201173,空,开,5103.0,2,2022-04-06 22:57:45
291,rb2210,SHFE,0_0_      910411,     1204591,多,开,5101.0,7,2022-04-06 22:58:06
292,rb2210,SHFE,0_0_      910795,     1205207,空,平今,5100.000000000001,2,2022-04-06 22:58:09
293,rb2210,SHFE,0_0_      910840,     1205448,空,平今,5100.0,2,2022-04-06 22:58:11
294,rb2210,SHFE,0_0_      911762,     1207109,空,平今,5098.0,1,2022-04-06 22:58:18
295,rb2210,SHFE,0_0_      911762,     1207112,空,平今,5098.0,1,2022-04-06 22:58:18
296,rb2210,SHFE,0_0_      911762,     1207113,空,平今,5098.0,2,2022-04-06 22:58:18
297,rb2210,SHFE,0_0_      912034,     1208220,空,开,5098.0,1,2022-04-06 22:58:22
298,rb2210,SHFE,0_0_      912034,     1208242,空,开,5098.0,2,2022-04-06 22:58:22
299,rb2210,SHFE,0_0_      912034,     1208246,空,开,5098.0,1,2022-04-06 22:58:22
300,rb2210,SHFE,0_0_      912255,     1208266,多,平今,5097.0,4,2022-04-06 22:58:22
301,rb2210,SHFE,0_0_      913782,     1210460,多,平今,5103.0,1,2022-04-06 22:58:37
302,rb2210,SHFE,0_0_      913782,     1210463,多,平今,5103.0,1,2022-04-06 22:58:37
303,rb2210,SHFE,0_0_      913927,     1210486,空,开,5104.0,1,2022-04-06 22:58:37
304,rb2210,SHFE,0_0_      913927,     1210503,空,开,5104.0,1,2022-04-06 22:58:37
305,rb2210,SHFE,0_0_      913940,     1210625,多,平今,5103.0,1,2022-04-06 22:58:38
306,rb2210,SHFE,0_0_      914078,     1211329,空,开,5104.0,1,2022-04-06 22:58:42
307,rb2210,SHFE,0_0_      914503,     1211427,多,平今,5103.0,1,2022-04-06 22:58:42
308,rb2210,SHFE,0_0_      914549,     1211502,空,开,5104.0,1,2022-04-06 22:58:43
309,rb2210,SHFE,0_0_      914625,     1212232,多,平今,5103.0,1,2022-04-06 22:58:48
310,rb2210,SHFE,0_0_      915057,     1212254,空,开,5104.0,1,2022-04-06 22:58:48
311,rb2210,SHFE,0_0_     1303655,     1600335,空,开,5103.0,4,2022-04-07 09:00:36
312,rb2210,SHFE,0_0_     1303688,     1600611,多,平今,5102.0,4,2022-04-07 09:00:36
313,rb2210,SHFE,0_0_     1303713,     1600905,空,开,5103.0,4,2022-04-07 09:00:37
314,rb2210,SHFE,0_0_     1303754,     1600990,多,平今,5102.0,4,2022-04-07 09:00:37
315,rb2210,SHFE,0_0_     1304206,     1608423,多,平今,5101.0,1,2022-04-07 09:00:51
316,rb2210,SHFE,0_0_     1306477,     1637566,多,平今,5106.0,1,2022-04-07 09:01:57
317,rb2210,SHFE,0_0_     1306544,     1638043,多,开,5107.0,4,2022-04-07 09:01:58
318,rb2210,SHFE,0_0_     1307120,     1644241,空,平今,5111.0,2,2022-04-07 09:02:14
319,rb2210,SHFE,0_0_     1307826,     1649807,空,开,5114.0,4,2022-04-07 09:02:31
320,rb2210,SHFE,0_0_     1309461,     1664217,多,平今,5106.0,4,2022-04-07 09:03:13
321,rb2210,SHFE,0_0_     1310185,     1669720,多,开,5103.0,4,2022-04-07 09:03:33
322,rb2210,SHFE,0_0_     1311887,     1680738,空,开,5099.0,4,2022-04-07 09:04:07
323,rb2210,SHFE,0_0_     1310827,     1685520,空,平今,5101.0,3,2022-04-07 09:04:21
324,rb2210,SHFE,0_0_     1310827,     1685600,空,平今,5101.0,1,2022-04-07 09:04:22
325,rb2210,SHFE,0_0_     1313770,     1693003,多,平今,5103.0,1,2022-04-07 09:04:51
326,rb2210,SHFE,0_0_     1314736,     1696316,多,开,5103.0,4,2022-04-07 09:05:01
327,rb2210,SHFE,0_0_     1314969,     1696393,空,平今,5104.0,4,2022-04-07 09:05:01
328,rb2210,SHFE,0_0_     1314987,     1696742,多,开,5103.000000000001,4,2022-04-07 09:05:01
329,rb2210,SHFE,0_0_     1315027,     1696838,空,平今,5104.0,2,2022-04-07 09:05:01
330,rb2210,SHFE,0_0_     1315027,     1696857,空,平今,5104.0,2,2022-04-07 09:05:01
331,rb2210,SHFE,0_0_     1315050,     1696904,多,开,5103.0,4,2022-04-07 09:05:02
332,rb2210,SHFE,0_0_     1315069,     1697375,空,平今,5104.0,3,2022-04-07 09:05:02
333,rb2210,SHFE,0_0_     1315069,     1697413,空,平今,5104.0,1,2022-04-07 09:05:02
334,rb2210,SHFE,0_0_     1315139,     1697804,多,开,5103.0,1,2022-04-07 09:05:03
335,rb2210,SHFE,0_0_     1315139,     1697820,多,开,5103.0,1,2022-04-07 09:05:03
336,rb2210,SHFE,0_0_     1315139,     1697823,多,开,5103.0,2,2022-04-07 09:05:03
337,rb2210,SHFE,0_0_     1315234,     1702555,空,平今,5104.0,4,2022-04-07 09:05:15
338,rb2210,SHFE,0_0_     1318419,     1711736,空,平今,5104.0,2,2022-04-07 09:05:44
339,rb2210,SHFE,0_0_     1318633,     1713262,多,开,5103.0,2,2022-04-07 09:05:49
340,rb2210,SHFE,0_0_     1318995,     1713356,空,平今,5103.0,1,2022-04-07 09:05:49
341,rb2210,SHFE,0_0_     1312747,     1714933,多,平今,5100.0,1,2022-04-07 09:05:55
342,rb2210,SHFE,0_0_     1312253,     1715953,多,平今,5098.0,4,2022-04-07 09:05:58
343,rb2210,SHFE,0_0_     1319570,     1716046,空,开,5099.0,4,2022-04-07 09:05:58
344,rb2210,SHFE,0_0_     1332296,     1761592,空,平今,5105.0,1,2022-04-07 09:08:34
345,rb2210,SHFE,0_0_     1332435,     1761708,多,平今,5104.0,1,2022-04-07 09:08:35
346,rb2210,SHFE,0_0_     1332435,     1761712,多,平今,5104.0,1,2022-04-07 09:08:35
347,rb2210,SHFE,0_0_     1332435,     1761757,多,平今,5104.0,2,2022-04-07 09:08:36
348,rb2210,SHFE,0_0_     1332681,     1762452,空,开,5105.0,2,2022-04-07 09:08:40
349,rb2210,SHFE,0_0_     1334598,     1766042,多,开,5103.0,4,2022-04-07 09:08:56
350,rb2210,SHFE,0_0_     1339975,     1774989,空,平今,5099.0,2,2022-04-07 09:09:40
351,rb2210,SHFE,0_0_     1339975,     1775011,空,平今,5099.0,2,2022-04-07 09:09:40
352,rb2210,SHFE,0_0_     1340859,     1777839,多,平今,5096.0,1,2022-04-07 09:09:50
353,rb2210,SHFE,0_0_     1341270,     1778126,空,开,5097.0,1,2022-04-07 09:09:50
354,rb2210,SHFE,0_0_     1341270,     1778127,空,开,5097.0,1,2022-04-07 09:09:50
355,rb2210,SHFE,0_0_     1341270,     1778133,空,开,5097.0,1,2022-04-07 09:09:50
356,rb2210,SHFE,0_0_     1341270,     1778134,空,开,5097.0,1,2022-04-07 09:09:50
357,rb2210,SHFE,0_0_     1341270,     1778136,空,开,5097.0,1,2022-04-07 09:09:50
358,rb2210,SHFE,0_0_     1341270,     1778137,空,开,5097.0,1,2022-04-07 09:09:50
359,rb2210,SHFE,0_0_     1341270,     1778138,空,开,5097.0,1,2022-04-07 09:09:50
360,rb2210,SHFE,0_0_     1341321,     1778419,多,平今,5096.0,3,2022-04-07 09:09:52
361,rb2210,SHFE,0_0_     1341321,     1778475,多,平今,5096.0,2,2022-04-07 09:09:52
362,rb2210,SHFE,0_0_     1341321,     1778479,多,平今,5096.0,1,2022-04-07 09:09:52
363,rb2210,SHFE,0_0_     1341321,     1778503,多,平今,5096.0,1,2022-04-07 09:09:52
364,rb2210,SHFE,0_0_     1344609,     1784539,多,开,5100.0,5,2022-04-07 09:10:14
365,rb2210,SHFE,0_0_     1345625,     1785758,空,平今,5102.0,2,2022-04-07 09:10:20
366,rb2210,SHFE,0_0_     1345863,     1785935,多,开,5101.0,2,2022-04-07 09:10:21
367,rb2210,SHFE,0_0_     1345997,     1789801,空,平今,5102.0,2,2022-04-07 09:10:41
368,rb2210,SHFE,0_0_     1350391,     1791092,空,开,5102.0,3,2022-04-07 09:10:46
369,rb2210,SHFE,0_0_     1350391,     1791155,空,开,5102.0,1,2022-04-07 09:10:47
370,rb2210,SHFE,0_0_     1352556,     1794401,多,平今,5101.0,2,2022-04-07 09:11:00
371,rb2210,SHFE,0_0_     1353103,     1794415,空,平今,5102.0,1,2022-04-07 09:11:00
372,rb2210,SHFE,0_0_     1353103,     1794416,空,平今,5102.0,1,2022-04-07 09:11:00
373,rb2210,SHFE,0_0_     1357455,     1799998,多,开,5099.0,1,2022-04-07 09:11:28
374,rb2210,SHFE,0_0_     1357455,     1799999,多,开,5099.0,1,2022-04-07 09:11:28
375,rb2210,SHFE,0_0_     1357455,     1800000,多,开,5099.0,1,2022-04-07 09:11:28
376,rb2210,SHFE,0_0_     1357455,     1800001,多,开,5099.0,2,2022-04-07 09:11:28
377,rb2210,SHFE,0_0_     1357455,     1800045,多,开,5099.0,1,2022-04-07 09:11:28
378,rb2210,SHFE,0_0_     1357606,     1800222,空,平今,5100.0,1,2022-04-07 09:11:29
379,rb2210,SHFE,0_0_     1357606,     1800223,空,平今,5100.0,1,2022-04-07 09:11:29
380,rb2210,SHFE,0_0_     1357606,     1800255,空,平今,5100.0,2,2022-04-07 09:11:29
381,rb2210,SHFE,0_0_     1364667,     1807544,多,开,5093.0,3,2022-04-07 09:12:05
382,rb2210,SHFE,0_0_     1364667,     1807550,多,开,5093.0,1,2022-04-07 09:12:05
383,rb2210,SHFE,0_0_     1366135,     1812809,空,平今,5093.0,1,2022-04-07 09:12:24
384,rb2210,SHFE,0_0_     1366135,     1812813,空,平今,5093.0,2,2022-04-07 09:12:24
385,rb2210,SHFE,0_0_     1367710,     1812904,多,平今,5092.0,2,2022-04-07 09:12:24
386,rb2210,SHFE,0_0_     1365369,     1813185,空,平今,5094.0,3,2022-04-07 09:12:26
387,rb2210,SHFE,0_0_     1365369,     1813199,空,平今,5094.0,1,2022-04-07 09:12:26
388,rb2210,SHFE,0_0_     1368029,     1813377,多,平今,5094.0,1,2022-04-07 09:12:28
389,rb2210,SHFE,0_0_     1368179,     1813798,多,开,5094.0,4,2022-04-07 09:12:30
390,rb2210,SHFE,0_0_     1374009,     1822247,空,平今,5094.0,1,2022-04-07 09:13:15
391,rb2210,SHFE,0_0_     1374009,     1822385,空,平今,5094.0,2,2022-04-07 09:13:16
392,rb2210,SHFE,0_0_     1377143,     1823474,空,开,5094.0,1,2022-04-07 09:13:23
393,rb2210,SHFE,0_0_     1377143,     1823475,空,开,5094.0,2,2022-04-07 09:13:23
394,rb2210,SHFE,0_0_     1381152,     1831607,多,平今,5089.0,2,2022-04-07 09:14:08
395,rb2210,SHFE,0_0_     1381725,     1832484,空,开,5090.0,1,2022-04-07 09:14:12
396,rb2210,SHFE,0_0_     1381725,     1832494,空,开,5090.0,4,2022-04-07 09:14:12
397,rb2210,SHFE,0_0_     1382023,     1833033,多,平今,5090.0,1,2022-04-07 09:14:14
398,rb2210,SHFE,0_0_     1382023,     1833035,多,平今,5090.0,1,2022-04-07 09:14:14
399,rb2210,SHFE,0_0_     1382023,     1833037,多,平今,5090.0,2,2022-04-07 09:14:14
400,rb2210,SHFE,0_0_     1382269,     1842039,多,平今,5090.0,1,2022-04-07 09:14:56
401,rb2210,SHFE,0_0_     1388078,     1842079,空,平今,5091.0,1,2022-04-07 09:14:56
402,rb2210,SHFE,0_0_     1390126,     1852336,多,开,5092.0,4,2022-04-07 09:15:30
403,rb2210,SHFE,0_0_     1394320,     1852816,空,平今,5093.0,4,2022-04-07 09:15:33
404,rb2210,SHFE,0_0_     1394810,     1858289,多,开,5092.0,1,2022-04-07 09:15:59
405,rb2210,SHFE,0_0_     1394810,     1858304,多,开,5092.0,3,2022-04-07 09:15:59
406,rb2210,SHFE,0_0_     1398794,     1858414,空,平今,5093.0,1,2022-04-07 09:16:00
407,rb2210,SHFE,0_0_     1398794,     1858425,空,平今,5093.0,2,2022-04-07 09:16:00
408,rb2210,SHFE,0_0_     1398794,     1858426,空,平今,5093.0,1,2022-04-07 09:16:00
409,rb2210,SHFE,0_0_     1400788,     1861240,空,开,5094.0,1,2022-04-07 09:16:12
410,rb2210,SHFE,0_0_     1400788,     1861250,空,开,5094.0,1,2022-04-07 09:16:13
411,rb2210,SHFE,0_0_     1400788,     1861342,空,开,5094.0,1,2022-04-07 09:16:13
412,rb2210,SHFE,0_0_     1400788,     1861440,空,开,5094.0,1,2022-04-07 09:16:14
413,rb2210,SHFE,0_0_     1401109,     1862574,多,平今,5093.0,1,2022-04-07 09:16:21
414,rb2210,SHFE,0_0_     1402265,     1862916,空,开,5094.0,1,2022-04-07 09:16:23
415,rb2210,SHFE,0_0_     1407136,     1869490,多,平今,5097.000000000001,2,2022-04-07 09:17:04
416,rb2210,SHFE,0_0_     1402537,     1874255,多,平今,5093.0,1,2022-04-07 09:17:24
417,rb2210,SHFE,0_0_     1398841,     1875128,多,开,5092.0,3,2022-04-07 09:17:30
418,rb2210,SHFE,0_0_     1398841,     1875129,多,开,5092.0,1,2022-04-07 09:17:30
419,rb2210,SHFE,0_0_     1411290,     1875929,空,平今,5093.0,4,2022-04-07 09:17:38
420,rb2210,SHFE,0_0_     1412199,     1875984,多,开,5092.0,1,2022-04-07 09:17:38
421,rb2210,SHFE,0_0_     1412199,     1875992,多,开,5092.0,3,2022-04-07 09:17:39
422,rb2210,SHFE,0_0_     1417866,     1885912,空,平今,5093.0,1,2022-04-07 09:18:37
423,rb2210,SHFE,0_0_     1424876,     1890929,空,开,5090.0,4,2022-04-07 09:19:05
424,rb2210,SHFE,0_0_     1426726,     1893324,多,平今,5089.0,1,2022-04-07 09:19:21
425,rb2210,SHFE,0_0_     1426784,     1893480,多,平今,5089.0,1,2022-04-07 09:19:22
426,rb2210,SHFE,0_0_     1427098,     1894351,多,平今,5089.0,1,2022-04-07 09:19:24
427,rb2210,SHFE,0_0_     1430647,     1901840,空,开,5086.000000000001,1,2022-04-07 09:19:52
428,rb2210,SHFE,0_0_     1429793,     1903507,空,平今,5087.0,1,2022-04-07 09:20:00
429,rb2210,SHFE,0_0_     1432620,     1903709,多,平今,5086.0,1,2022-04-07 09:20:02
430,rb2210,SHFE,0_0_     1432620,     1903710,多,平今,5086.0,3,2022-04-07 09:20:02
431,rb2210,SHFE,0_0_     1441487,     1913623,空,开,5086.0,3,2022-04-07 09:21:00
432,rb2210,SHFE,0_0_     1443163,     1915934,多,开,5089.0,4,2022-04-07 09:21:09
433,rb2210,SHFE,0_0_     1454325,     1929356,空,平今,5090.0,2,2022-04-07 09:22:42
434,rb2210,SHFE,0_0_     1474789,     1951690,空,平今,5088.0,3,2022-04-07 09:24:56
435,rb2210,SHFE,0_0_     1475407,     1952024,多,开,5087.0,1,2022-04-07 09:24:59
436,rb2210,SHFE,0_0_     1475407,     1952030,多,开,5087.0,1,2022-04-07 09:24:59
437,rb2210,SHFE,0_0_     1475407,     1952031,多,开,5087.0,1,2022-04-07 09:24:59
438,rb2210,SHFE,0_0_     1475407,     1952038,多,开,5087.0,1,2022-04-07 09:24:59
439,rb2210,SHFE,0_0_     1490116,     1970205,空,平今,5084.0,2,2022-04-07 09:26:27
440,rb2210,SHFE,0_0_     1490116,     1970256,空,平今,5084.0,1,2022-04-07 09:26:27
441,rb2210,SHFE,0_0_     1490116,     1970285,空,平今,5084.0,1,2022-04-07 09:26:27
442,rb2210,SHFE,0_0_     1491157,     1972454,多,平今,5081.0,1,2022-04-07 09:26:34
443,rb2210,SHFE,0_0_     1491264,     1972757,多,开,5081.0,4,2022-04-07 09:26:36
444,rb2210,SHFE,0_0_     1491634,     1974317,空,平今,5081.0,3,2022-04-07 09:26:39
445,rb2210,SHFE,0_0_     1494029,     1979427,空,开,5080.0,3,2022-04-07 09:26:58
446,rb2210,SHFE,0_0_     1494381,     1980242,空,平今,5078.0,1,2022-04-07 09:27:01
447,rb2210,SHFE,0_0_     1494672,     1981648,空,开,5076.0,3,2022-04-07 09:27:02
448,rb2210,SHFE,0_0_     1494975,     1983148,多,平今,5075.0,1,2022-04-07 09:27:03
449,rb2210,SHFE,0_0_     1495452,     1984042,多,开,5077.0,2,2022-04-07 09:27:06
450,rb2210,SHFE,0_0_     1495452,     1984043,多,开,5077.0,2,2022-04-07 09:27:06
451,rb2210,SHFE,0_0_     1495114,     1984762,多,平今,5075.0,4,2022-04-07 09:27:08
452,rb2210,SHFE,0_0_     1495784,     1984815,空,开,5076.000000000001,1,2022-04-07 09:27:09
453,rb2210,SHFE,0_0_     1495784,     1984830,空,开,5076.0,1,2022-04-07 09:27:09
454,rb2210,SHFE,0_0_     1495784,     1984840,空,开,5076.0,1,2022-04-07 09:27:09
455,rb2210,SHFE,0_0_     1495834,     1985210,空,平今,5076.0,1,2022-04-07 09:27:10
456,rb2210,SHFE,0_0_     1495982,     1985234,多,平今,5075.0,5,2022-04-07 09:27:10
457,rb2210,SHFE,0_0_     1496989,     1989269,空,平今,5071.0,1,2022-04-07 09:27:21
458,rb2210,SHFE,0_0_     1497813,     1991042,空,开,5071.0,2,2022-04-07 09:27:26
459,rb2210,SHFE,0_0_     1498649,     1991426,多,平今,5071.0,2,2022-04-07 09:27:29
460,rb2210,SHFE,0_0_     1502477,     1999206,空,开,5072.0,1,2022-04-07 09:28:01
461,rb2210,SHFE,0_0_     1502477,     1999230,空,开,5072.0,1,2022-04-07 09:28:01
462,rb2210,SHFE,0_0_     1505408,     2001931,多,开,5069.0,4,2022-04-07 09:28:13
463,rb2210,SHFE,0_0_     1505621,     2002333,空,平今,5070.0,2,2022-04-07 09:28:15
464,rb2210,SHFE,0_0_     1506317,     2002824,多,平今,5071.0,2,2022-04-07 09:28:18
465,rb2210,SHFE,0_0_     1507665,     2004300,空,平今,5072.0,1,2022-04-07 09:28:25
466,rb2210,SHFE,0_0_     1507999,     2004909,多,开,5070.0,3,2022-04-07 09:28:28
467,rb2210,SHFE,0_0_     1508033,     2005175,空,平今,5071.0,1,2022-04-07 09:28:29
468,rb2210,SHFE,0_0_     1508033,     2005176,空,平今,5071.0,1,2022-04-07 09:28:29
469,rb2210,SHFE,0_0_     1508033,     2005182,空,平今,5071.0,1,2022-04-07 09:28:29
470,rb2210,SHFE,0_0_     1508259,     2005514,多,平今,5070.0,1,2022-04-07 09:28:31
471,rb2210,SHFE,0_0_     1509189,     2007341,空,开,5071.0,3,2022-04-07 09:28:39
472,rb2210,SHFE,0_0_     1509575,     2008176,多,开,5071.0,3,2022-04-07 09:28:43
473,rb2210,SHFE,0_0_     1509575,     2008177,多,开,5071.0,1,2022-04-07 09:28:43
474,rb2210,SHFE,0_0_     1510230,     2009105,多,平今,5071.0,3,2022-04-07 09:28:48
475,rb2210,SHFE,0_0_     1511173,     2009794,空,平今,5071.0,3,2022-04-07 09:28:50
476,rb2210,SHFE,0_0_     1511417,     2011242,空,开,5071.0,1,2022-04-07 09:28:56
477,rb2210,SHFE,0_0_     1511417,     2011247,空,开,5071.0,2,2022-04-07 09:28:56
478,rb2210,SHFE,0_0_     1514695,     2017294,空,平今,5068.0,1,2022-04-07 09:29:17
479,rb2210,SHFE,0_0_     1514695,     2017427,空,平今,5068.0,2,2022-04-07 09:29:17
480,rb2210,SHFE,0_0_     1517285,     2021696,多,平今,5066.0,1,2022-04-07 09:29:35
481,rb2210,SHFE,0_0_     1517914,     2021852,空,开,5067.0,1,2022-04-07 09:29:36
482,rb2210,SHFE,0_0_     1518046,     2022374,空,开,5067.0,4,2022-04-07 09:29:38
483,rb2210,SHFE,0_0_     1518200,     2022500,空,开,5067.0,1,2022-04-07 09:29:38
484,rb2210,SHFE,0_0_     1518347,     2023960,多,平今,5066.0,4,2022-04-07 09:29:46
485,rb2210,SHFE,0_0_     1519796,     2024099,空,开,5067.0,1,2022-04-07 09:29:47
486,rb2210,SHFE,0_0_     1519796,     2024144,空,开,5067.0,1,2022-04-07 09:29:47
487,rb2210,SHFE,0_0_     1519796,     2024150,空,开,5067.0,1,2022-04-07 09:29:47
488,rb2210,SHFE,0_0_     1519796,     2024165,空,开,5067.0,1,2022-04-07 09:29:47
489,rb2210,SHFE,0_0_     1519827,     2024305,多,开,5066.0,1,2022-04-07 09:29:47
490,rb2210,SHFE,0_0_     1519827,     2024306,多,开,5066.0,5,2022-04-07 09:29:47
491,rb2210,SHFE,0_0_     1520024,     2024782,空,平今,5067.0,4,2022-04-07 09:29:49
492,rb2210,SHFE,0_0_     1520350,     2025037,空,平今,5067.0,1,2022-04-07 09:29:50
493,rb2210,SHFE,0_0_     1520350,     2025041,空,平今,5067.0,1,2022-04-07 09:29:50
494,rb2210,SHFE,0_0_     1520325,     2025418,多,平今,5066.0,7,2022-04-07 09:29:51
495,rb2210,SHFE,0_0_     1520570,     2025833,空,开,5067.0,1,2022-04-07 09:29:53
496,rb2210,SHFE,0_0_     1520570,     2025870,空,开,5067.0,1,2022-04-07 09:29:53
497,rb2210,SHFE,0_0_     1520570,     2025989,空,开,5067.0,1,2022-04-07 09:29:53
498,rb2210,SHFE,0_0_     1520570,     2025998,空,开,5067.0,1,2022-04-07 09:29:53
499,rb2210,SHFE,0_0_     1520570,     2026012,空,开,5067.0,2,2022-04-07 09:29:53
500,rb2210,SHFE,0_0_     1520570,     2026042,空,开,5067.0,1,2022-04-07 09:29:54
501,rb2210,SHFE,0_0_     1521033,     2026865,多,平今,5066.0,1,2022-04-07 09:29:56
502,rb2210,SHFE,0_0_     1521923,     2028451,多,平今,5067.000000000001,3,2022-04-07 09:29:59
503,rb2210,SHFE,0_0_     1521923,     2028452,多,平今,5067.000000000001,1,2022-04-07 09:29:59
504,rb2210,SHFE,0_0_     1522206,     2030081,空,开,5068.0,4,2022-04-07 09:30:01
505,rb2210,SHFE,0_0_     1522362,     2030143,多,平今,5067.0,4,2022-04-07 09:30:01
506,rb2210,SHFE,0_0_     1522363,     2030152,空,开,5068.0,1,2022-04-07 09:30:01
507,rb2210,SHFE,0_0_     1522363,     2030160,空,开,5068.0,1,2022-04-07 09:30:01
508,rb2210,SHFE,0_0_     1522363,     2030161,空,开,5068.0,2,2022-04-07 09:30:01
509,rb2210,SHFE,0_0_     1522369,     2030377,多,平今,5067.0,3,2022-04-07 09:30:01
510,rb2210,SHFE,0_0_     1522369,     2030418,多,平今,5067.0,1,2022-04-07 09:30:01
511,rb2210,SHFE,0_0_     1522707,     2031010,空,开,5068.0,4,2022-04-07 09:30:03
512,rb2210,SHFE,0_0_     1522711,     2031269,多,开,5067.0,1,2022-04-07 09:30:03
513,rb2210,SHFE,0_0_     1522711,     2031270,多,开,5067.0,2,2022-04-07 09:30:03
514,rb2210,SHFE,0_0_     1522711,     2031271,多,开,5067.0,1,2022-04-07 09:30:03
515,rb2210,SHFE,0_0_     1522711,     2031272,多,开,5067.0,1,2022-04-07 09:30:03
516,rb2210,SHFE,0_0_     1522711,     2031321,多,开,5067.0,1,2022-04-07 09:30:03
517,rb2210,SHFE,0_0_     1522808,     2031602,空,平今,5068.0,3,2022-04-07 09:30:04
518,rb2210,SHFE,0_0_     1521621,     2032303,多,平今,5066.0,3,2022-04-07 09:30:05
519,rb2210,SHFE,0_0_     1522949,     2032437,空,平今,5068.0,1,2022-04-07 09:30:06
520,rb2210,SHFE,0_0_     1523153,     2032919,空,平今,5068.0,2,2022-04-07 09:30:08
521,rb2210,SHFE,0_0_     1523390,     2032934,空,开,5068.0,1,2022-04-07 09:30:08
522,rb2210,SHFE,0_0_     1510963,     2037777,空,平今,5072.0,2,2022-04-07 09:30:24
523,rb2210,SHFE,0_0_     1526814,     2037926,多,开,5072.0,5,2022-04-07 09:30:25
524,rb2210,SHFE,0_0_     1526814,     2037927,多,开,5072.0,3,2022-04-07 09:30:25
525,rb2210,SHFE,0_0_     1527235,     2039108,空,平今,5073.0,2,2022-04-07 09:30:28
526,rb2210,SHFE,0_0_     1527479,     2039211,多,开,5072.0,1,2022-04-07 09:30:29
527,rb2210,SHFE,0_0_     1527479,     2039212,多,开,5072.0,1,2022-04-07 09:30:29
528,rb2210,SHFE,0_0_     1529592,     2043283,空,平今,5071.0,1,2022-04-07 09:30:44
529,rb2210,SHFE,0_0_     1529592,     2043292,空,平今,5071.0,1,2022-04-07 09:30:44
530,rb2210,SHFE,0_0_     1529592,     2043328,空,平今,5071.0,1,2022-04-07 09:30:44
531,rb2210,SHFE,0_0_     1529592,     2043337,空,平今,5071.0,1,2022-04-07 09:30:44
532,rb2210,SHFE,0_0_     1529592,     2043400,空,平今,5071.0,1,2022-04-07 09:30:45
533,rb2210,SHFE,0_0_     1529592,     2043402,空,平今,5071.0,2,2022-04-07 09:30:45
534,rb2210,SHFE,0_0_     1529592,     2043409,空,平今,5071.0,1,2022-04-07 09:30:45
535,rb2210,SHFE,0_0_     1530308,     2043566,多,开,5070.0,4,2022-04-07 09:30:46
536,rb2210,SHFE,0_0_     1542576,     2056831,多,开,5075.0,4,2022-04-07 09:31:54
537,rb2210,SHFE,0_0_     1551378,     2065325,空,平今,5080.0,2,2022-04-07 09:32:42
538,rb2210,SHFE,0_0_     1551930,     2065968,空,平今,5080.000000000001,1,2022-04-07 09:32:46
539,rb2210,SHFE,0_0_     1564247,     2080377,多,平今,5086.0,1,2022-04-07 09:34:22
540,rb2210,SHFE,0_0_     1562463,     2088355,多,平今,5082.0,1,2022-04-07 09:35:04
541,rb2210,SHFE,0_0_     1562269,     2089124,多,平今,5081.0,3,2022-04-07 09:35:08
542,rb2210,SHFE,0_0_     1572550,     2089605,空,平今,5081.0,1,2022-04-07 09:35:09
543,rb2210,SHFE,0_0_     1572550,     2089626,空,平今,5081.0,3,2022-04-07 09:35:09
544,rb2210,SHFE,0_0_     1572795,     2089827,空,开,5082.0,3,2022-04-07 09:35:10
545,rb2210,SHFE,0_0_     1573845,     2091277,空,开,5082.0,4,2022-04-07 09:35:17
546,rb2210,SHFE,0_0_     1582523,     2097889,多,平今,5082.0,1,2022-04-07 09:36:06
547,rb2210,SHFE,0_0_     1586305,     2101360,空,开,5080.0,2,2022-04-07 09:36:32
548,rb2210,SHFE,0_0_     1586466,     2101833,多,开,5079.0,6,2022-04-07 09:36:35
549,rb2210,SHFE,0_0_     1582663,     2103334,空,平今,5083.0,1,2022-04-07 09:36:47
550,rb2210,SHFE,0_0_     1591020,     2105007,空,平今,5082.0,1,2022-04-07 09:37:01
551,rb2210,SHFE,0_0_     1591020,     2105083,空,平今,5082.0,1,2022-04-07 09:37:01
552,rb2210,SHFE,0_0_     1590056,     2106737,空,平今,5084.0,3,2022-04-07 09:37:19
553,rb2210,SHFE,0_0_     1597301,     2112499,多,平今,5087.0,4,2022-04-07 09:37:43
554,rb2210,SHFE,0_0_     1594311,     2112520,多,开,5086.0,7,2022-04-07 09:37:43
555,rb2210,SHFE,0_0_     1598168,     2112618,空,平今,5088.0,1,2022-04-07 09:37:44
556,rb2210,SHFE,0_0_     1598168,     2112635,空,平今,5087.0,1,2022-04-07 09:37:44
557,rb2210,SHFE,0_0_     1598168,     2112662,空,平今,5087.0,2,2022-04-07 09:37:44
558,rb2210,SHFE,0_0_     1598265,     2112872,空,平今,5087.0,1,2022-04-07 09:37:44
559,rb2210,SHFE,0_0_     1598265,     2112882,空,平今,5087.0,1,2022-04-07 09:37:44
560,rb2210,SHFE,0_0_     1598265,     2112883,空,平今,5087.0,2,2022-04-07 09:37:44
561,rb2210,SHFE,0_0_     1600679,     2115589,空,开,5091.0,2,2022-04-07 09:37:58
562,rb2210,SHFE,0_0_     1600773,     2115694,空,开,5091.0,2,2022-04-07 09:37:58
563,rb2210,SHFE,0_0_     1601843,     2117583,多,平今,5090.0,4,2022-04-07 09:38:06
564,rb2210,SHFE,0_0_     1602947,     2118274,空,开,5090.0,1,2022-04-07 09:38:10
565,rb2210,SHFE,0_0_     1603015,     2120285,多,平今,5089.0,1,2022-04-07 09:38:19
566,rb2210,SHFE,0_0_     1605788,     2122661,多,平今,5092.0,1,2022-04-07 09:38:29
567,rb2210,SHFE,0_0_     1612682,     2131510,空,开,5095.0,1,2022-04-07 09:39:07
568,rb2210,SHFE,0_0_     1612682,     2131520,空,开,5095.0,1,2022-04-07 09:39:07
569,rb2210,SHFE,0_0_     1613308,     2132757,空,开,5094.0,3,2022-04-07 09:39:14
570,rb2210,SHFE,0_0_     1614122,     2132825,多,平今,5093.0,3,2022-04-07 09:39:14
571,rb2210,SHFE,0_0_     1614160,     2136314,空,开,5094.0,3,2022-04-07 09:39:37
572,rb2210,SHFE,0_0_     1618940,     2136913,多,平今,5094.0,2,2022-04-07 09:39:40
573,rb2210,SHFE,0_0_     1618940,     2136925,多,平今,5094.0,3,2022-04-07 09:39:40
574,rb2210,SHFE,0_0_     1620072,     2137898,空,开,5095.0,3,2022-04-07 09:39:47
575,rb2210,SHFE,0_0_     1621298,     2138729,多,平今,5096.0,1,2022-04-07 09:39:53
576,rb2210,SHFE,0_0_     1621298,     2138732,多,平今,5096.0,2,2022-04-07 09:39:53
577,rb2210,SHFE,0_0_     1632675,     2155108,空,开,5092.0,3,2022-04-07 09:41:38
578,rb2210,SHFE,0_0_     1638517,     2157056,多,平今,5091.0,2,2022-04-07 09:41:50
579,rb2210,SHFE,0_0_     1638517,     2157096,多,平今,5091.0,1,2022-04-07 09:41:50
580,rb2210,SHFE,0_0_     1642225,     2162095,多,平今,5092.0,2,2022-04-07 09:42:14
581,rb2210,SHFE,0_0_     1645928,     2163300,空,开,5093.0,2,2022-04-07 09:42:22
582,rb2210,SHFE,0_0_     1647392,     2164997,空,开,5092.0,1,2022-04-07 09:42:36
583,rb2210,SHFE,0_0_     1647392,     2165001,空,开,5092.0,1,2022-04-07 09:42:36
584,rb2210,SHFE,0_0_     1650016,     2166329,多,平今,5093.0,2,2022-04-07 09:42:44
585,rb2210,SHFE,0_0_     1655676,     2171505,空,开,5094.0,1,2022-04-07 09:43:27
586,rb2210,SHFE,0_0_     1658036,     2175973,多,开,5097.0,1,2022-04-07 09:43:48
587,rb2210,SHFE,0_0_     1658036,     2176002,多,开,5097.0,1,2022-04-07 09:43:48
588,rb2210,SHFE,0_0_     1660011,     2177707,多,开,5098.0,1,2022-04-07 09:43:57
589,rb2210,SHFE,0_0_     1660011,     2177708,多,开,5098.0,1,2022-04-07 09:43:57
590,rb2210,SHFE,0_0_     1660011,     2177725,多,开,5098.0,1,2022-04-07 09:43:57
591,rb2210,SHFE,0_0_     1668572,     2184784,多,开,5098.0,2,2022-04-07 09:44:51
592,rb2210,SHFE,0_0_     1668297,     2185793,多,开,5097.0,1,2022-04-07 09:44:59
593,rb2210,SHFE,0_0_     1670362,     2185946,空,平今,5097.0,1,2022-04-07 09:45:00
594,rb2210,SHFE,0_0_     1670362,     2185947,空,平今,5097.0,1,2022-04-07 09:45:00
595,rb2210,SHFE,0_0_     1670362,     2185959,空,平今,5097.0,1,2022-04-07 09:45:00
596,rb2210,SHFE,0_0_     1670362,     2185960,空,平今,5097.0,1,2022-04-07 09:45:00
597,rb2210,SHFE,0_0_     1670443,     2186909,多,开,5096.0,3,2022-04-07 09:45:06
598,rb2210,SHFE,0_0_     1673137,     2188733,空,平今,5095.0,2,2022-04-07 09:45:18
599,rb2210,SHFE,0_0_     1673311,     2189044,多,平今,5094.0,2,2022-04-07 09:45:21
600,rb2210,SHFE,0_0_     1673590,     2189467,空,平今,5095.0,2,2022-04-07 09:45:24
601,rb2210,SHFE,0_0_     1681300,     2195230,多,开,5097.0,2,2022-04-07 09:46:08
602,rb2210,SHFE,0_0_     1681300,     2195231,多,开,5097.0,1,2022-04-07 09:46:08
603,rb2210,SHFE,0_0_     1681300,     2195232,多,开,5097.0,1,2022-04-07 09:46:08
604,rb2210,SHFE,0_0_     1681300,     2195233,多,开,5097.0,1,2022-04-07 09:46:08
605,rb2210,SHFE,0_0_     1682714,     2197830,空,平今,5102.0,1,2022-04-07 09:46:19
606,rb2210,SHFE,0_0_     1682714,     2197831,空,平今,5102.0,2,2022-04-07 09:46:19
607,rb2210,SHFE,0_0_     1682714,     2197832,空,平今,5102.0,1,2022-04-07 09:46:19
608,rb2210,SHFE,0_0_     1683453,     2199812,空,平今,5103.0,4,2022-04-07 09:46:30
609,rb2210,SHFE,0_0_     1685054,     2201106,空,开,5103.0,5,2022-04-07 09:46:38
610,rb2210,SHFE,0_0_     1685753,     2202694,多,开,5105.0,1,2022-04-07 09:46:44
611,rb2210,SHFE,0_0_     1685753,     2202695,多,开,5105.0,1,2022-04-07 09:46:44
612,rb2210,SHFE,0_0_     1685753,     2202697,多,开,5105.0,1,2022-04-07 09:46:44
613,rb2210,SHFE,0_0_     1685753,     2202698,多,开,5105.0,1,2022-04-07 09:46:44
614,rb2210,SHFE,0_0_     1685753,     2202701,多,开,5105.0,1,2022-04-07 09:46:44
615,rb2210,SHFE,0_0_     1685753,     2202703,多,开,5105.0,1,2022-04-07 09:46:44
616,rb2210,SHFE,0_0_     1685753,     2202705,多,开,5105.0,1,2022-04-07 09:46:44
617,rb2210,SHFE,0_0_     1685753,     2202707,多,开,5105.0,1,2022-04-07 09:46:44
618,rb2210,SHFE,0_0_     1687695,     2205639,空,平今,5109.0,2,2022-04-07 09:46:53
619,rb2210,SHFE,0_0_     1692431,     2212031,空,平今,5112.0,2,2022-04-07 09:47:17
620,rb2210,SHFE,0_0_     1687738,     2222364,多,平今,5108.0,2,2022-04-07 09:48:18
621,rb2210,SHFE,0_0_     1702517,     2222510,空,开,5109.0,2,2022-04-07 09:48:19
622,rb2210,SHFE,0_0_     1702589,     2222535,多,平今,5108.0,2,2022-04-07 09:48:19
623,rb2210,SHFE,0_0_     1702850,     2222971,空,开,5109.0,1,2022-04-07 09:48:23
624,rb2210,SHFE,0_0_     1717452,     2237637,多,平今,5102.0,1,2022-04-07 09:50:20
625,rb2210,SHFE,0_0_     1717452,     2237639,多,平今,5102.0,3,2022-04-07 09:50:20
626,rb2210,SHFE,0_0_     1718990,     2238528,多,平今,5103.0,1,2022-04-07 09:50:30
627,rb2210,SHFE,0_0_     1734508,     2252127,空,开,5103.0,3,2022-04-07 09:52:31
628,rb2210,SHFE,0_0_     1734640,     2252387,多,平今,5102.0,3,2022-04-07 09:52:34
629,rb2210,SHFE,0_0_     1735125,     2252745,空,开,5103.0,3,2022-04-07 09:52:39
630,rb2210,SHFE,0_0_     1723778,     2258333,空,平今,5106.0,1,2022-04-07 09:53:40
631,rb2210,SHFE,0_0_     1723778,     2258564,空,平今,5106.0,3,2022-04-07 09:53:42
632,rb2210,SHFE,0_0_     1757494,     2267817,多,开,5103.0,3,2022-04-07 09:55:30
633,rb2210,SHFE,0_0_     1757494,     2267818,多,开,5103.0,1,2022-04-07 09:55:30
634,rb2210,SHFE,0_0_     1757494,     2267819,多,开,5103.0,1,2022-04-07 09:55:30
635,rb2210,SHFE,0_0_     1761765,     2271059,空,平今,5102.0,1,2022-04-07 09:56:13
636,rb2210,SHFE,0_0_     1761765,     2271069,空,平今,5102.0,2,2022-04-07 09:56:13
637,rb2210,SHFE,0_0_     1781649,     2286966,多,平今,5102.0,3,2022-04-07 09:59:02
638,rb2210,SHFE,0_0_     1785502,     2288972,空,开,5101.0,1,2022-04-07 09:59:21
639,rb2210,SHFE,0_0_     1785502,     2288977,空,开,5101.0,1,2022-04-07 09:59:22
640,rb2210,SHFE,0_0_     1785502,     2289002,空,开,5101.0,2,2022-04-07 09:59:22
641,rb2210,SHFE,0_0_     1789067,     2291046,多,平今,5100.0,1,2022-04-07 09:59:48
642,rb2210,SHFE,0_0_     1790656,     2294906,多,平今,5100.0,4,2022-04-07 10:00:09
643,rb2210,SHFE,0_0_     1793132,     2295139,空,开,5101.0,4,2022-04-07 10:00:11
644,rb2210,SHFE,0_0_     1794967,     2296111,空,平今,5099.0,1,2022-04-07 10:00:23
645,rb2210,SHFE,0_0_     1808050,     2305230,空,平今,5099.0,1,2022-04-07 10:02:03
646,rb2210,SHFE,0_0_     1812412,     2308133,多,平今,5095.0,1,2022-04-07 10:02:24
647,rb2210,SHFE,0_0_     1812412,     2308189,多,平今,5095.0,1,2022-04-07 10:02:24
648,rb2210,SHFE,0_0_     1812412,     2308190,多,平今,5095.0,1,2022-04-07 10:02:24
649,rb2210,SHFE,0_0_     1813520,     2310396,空,开,5097.0,3,2022-04-07 10:02:42
650,rb2210,SHFE,0_0_     1815982,     2310996,空,开,5095.0,2,2022-04-07 10:02:47
651,rb2210,SHFE,0_0_     1816124,     2311995,多,平今,5094.0,4,2022-04-07 10:02:57
652,rb2210,SHFE,0_0_     1817424,     2312168,多,开,5094.0,4,2022-04-07 10:02:58
653,rb2210,SHFE,0_0_     1833234,     2325974,空,平今,5094.0,1,2022-04-07 10:05:29
654,rb2210,SHFE,0_0_     1843326,     2331843,多,开,5098.0,4,2022-04-07 10:06:32
655,rb2210,SHFE,0_0_     1853236,     2337842,空,平今,5095.0,4,2022-04-07 10:07:40
656,rb2210,SHFE,0_0_     1848119,     2338022,空,平今,5096.0,2,2022-04-07 10:07:44
657,rb2210,SHFE,0_0_     1854017,     2339374,多,平今,5094.0,2,2022-04-07 10:08:00
658,rb2210,SHFE,0_0_     1859120,     2343998,多,开,5087.0,3,2022-04-07 10:08:25
659,rb2210,SHFE,0_0_     1859743,     2344366,空,平今,5087.0,4,2022-04-07 10:08:28
660,rb2210,SHFE,0_0_     1861534,     2345937,多,开,5087.0,1,2022-04-07 10:08:40
661,rb2210,SHFE,0_0_     1861974,     2347374,多,开,5087.0,4,2022-04-07 10:08:55
662,rb2210,SHFE,0_0_     1863951,     2347459,空,平今,5088.0,1,2022-04-07 10:08:56
663,rb2210,SHFE,0_0_     1863951,     2347460,空,平今,5088.0,1,2022-04-07 10:08:56
664,rb2210,SHFE,0_0_     1863951,     2347462,空,平今,5088.0,1,2022-04-07 10:08:56
665,rb2210,SHFE,0_0_     1863951,     2347471,空,平今,5088.0,1,2022-04-07 10:08:56
666,rb2210,SHFE,0_0_     1864036,     2347583,多,开,5087.0,1,2022-04-07 10:08:57
667,rb2210,SHFE,0_0_     1864036,     2347588,多,开,5087.0,3,2022-04-07 10:08:57
668,rb2210,SHFE,0_0_     1865206,     2349019,空,开,5082.0,1,2022-04-07 10:09:07
669,rb2210,SHFE,0_0_     1865206,     2349020,空,开,5082.0,3,2022-04-07 10:09:07
670,rb2210,SHFE,0_0_     1865661,     2349701,多,平今,5082.0,4,2022-04-07 10:09:11
671,rb2210,SHFE,0_0_     1869867,     2355192,多,开,5079.0,2,2022-04-07 10:09:49
672,rb2210,SHFE,0_0_     1869867,     2355283,多,开,5079.0,1,2022-04-07 10:09:49
673,rb2210,SHFE,0_0_     1871382,     2355321,空,平今,5080.0,1,2022-04-07 10:09:49
674,rb2210,SHFE,0_0_     1871382,     2355324,空,平今,5080.0,1,2022-04-07 10:09:49
675,rb2210,SHFE,0_0_     1871382,     2355325,空,平今,5080.0,1,2022-04-07 10:09:49
676,rb2210,SHFE,0_0_     1871583,     2355863,空,平今,5080.0,1,2022-04-07 10:09:52
677,rb2210,SHFE,0_0_     1871700,     2356333,多,开,5080.0,3,2022-04-07 10:09:54
678,rb2210,SHFE,0_0_     1871962,     2356459,空,开,5080.0,1,2022-04-07 10:09:55
679,rb2210,SHFE,0_0_     1871954,     2357128,空,平今,5081.0,3,2022-04-07 10:09:57
680,rb2210,SHFE,0_0_     1872568,     2357157,多,开,5080.0,3,2022-04-07 10:09:57
681,rb2210,SHFE,0_0_     1873060,     2357592,空,开,5080.0,3,2022-04-07 10:10:00
682,rb2210,SHFE,0_0_     1872605,     2357860,空,平今,5081.0,3,2022-04-07 10:10:02
683,rb2210,SHFE,0_0_     1878132,     2362428,多,开,5086.0,1,2022-04-07 10:10:41
684,rb2210,SHFE,0_0_     1891708,     2376211,多,平今,5081.0,1,2022-04-07 10:13:02
685,rb2210,SHFE,0_0_     1900596,     2381678,空,平今,5081.0,1,2022-04-07 10:14:05
686,rb2210,SHFE,0_0_     1900596,     2381685,空,平今,5081.0,1,2022-04-07 10:14:05
687,rb2210,SHFE,0_0_     1900596,     2381702,空,平今,5081.0,2,2022-04-07 10:14:06
688,rb2210,SHFE,0_0_     1902531,     2391753,多,平今,5082.0,1,2022-04-07 10:30:17
689,rb2210,SHFE,0_0_     1904056,     2402439,空,开,5080.0,2,2022-04-07 10:31:33
690,rb2210,SHFE,0_0_     1904056,     2402448,空,开,5080.0,1,2022-04-07 10:31:34
691,rb2210,SHFE,0_0_     1904056,     2402452,空,开,5080.0,1,2022-04-07 10:31:34
692,rb2210,SHFE,0_0_     1906832,     2402604,多,平今,5080.0,3,2022-04-07 10:31:35
693,rb2210,SHFE,0_0_     1907772,     2404477,空,开,5083.0,1,2022-04-07 10:31:48
694,rb2210,SHFE,0_0_     1907772,     2404478,空,开,5083.0,3,2022-04-07 10:31:48
695,rb2210,SHFE,0_0_     1913240,     2411247,多,平今,5083.0,3,2022-04-07 10:32:46
696,rb2210,SHFE,0_0_     1913358,     2412151,空,开,5084.0,1,2022-04-07 10:32:59
697,rb2210,SHFE,0_0_     1913358,     2412190,空,开,5084.0,1,2022-04-07 10:33:00
698,rb2210,SHFE,0_0_     1913358,     2412459,空,开,5084.0,1,2022-04-07 10:33:02
699,rb2210,SHFE,0_0_     1916738,     2414955,空,平今,5081.000000000001,1,2022-04-07 10:33:29
700,rb2210,SHFE,0_0_     1921394,     2419318,多,平今,5085.0,3,2022-04-07 10:34:13
701,rb2210,SHFE,0_0_     1934524,     2430004,空,开,5090.0,2,2022-04-07 10:36:00
702,rb2210,SHFE,0_0_     1934524,     2430005,空,开,5090.0,2,2022-04-07 10:36:00
703,rb2210,SHFE,0_0_     1934624,     2430010,多,平今,5089.0,4,2022-04-07 10:36:01
704,rb2210,SHFE,0_0_     1934628,     2430740,空,开,5090.0,4,2022-04-07 10:36:07
705,rb2210,SHFE,0_0_     1935625,     2430744,多,平今,5089.0,1,2022-04-07 10:36:07
706,rb2210,SHFE,0_0_     1935625,     2430745,多,平今,5089.0,1,2022-04-07 10:36:07
707,rb2210,SHFE,0_0_     1935625,     2430746,多,平今,5089.0,1,2022-04-07 10:36:07
708,rb2210,SHFE,0_0_     1935625,     2430753,多,平今,5089.0,1,2022-04-07 10:36:07
709,rb2210,SHFE,0_0_     1924329,     2431583,多,平今,5086.0,1,2022-04-07 10:36:16
710,rb2210,SHFE,0_0_     1936825,     2431772,空,开,5087.000000000001,1,2022-04-07 10:36:19
711,rb2210,SHFE,0_0_     1935630,     2433971,空,开,5090.0,4,2022-04-07 10:36:31
712,rb2210,SHFE,0_0_     1939220,     2433977,多,平今,5089.0,1,2022-04-07 10:36:31
713,rb2210,SHFE,0_0_     1939220,     2433981,多,平今,5089.0,3,2022-04-07 10:36:31
714,rb2210,SHFE,0_0_     1940281,     2435265,多,平今,5088.0,2,2022-04-07 10:36:45
715,rb2210,SHFE,0_0_     1946079,     2440412,多,开,5089.0,3,2022-04-07 10:37:32
716,rb2210,SHFE,0_0_     1946125,     2440552,空,平今,5090.0,3,2022-04-07 10:37:33
717,rb2210,SHFE,0_0_     1946247,     2440818,多,开,5089.0,3,2022-04-07 10:37:35
718,rb2210,SHFE,0_0_     1946511,     2440919,多,平今,5090.0,1,2022-04-07 10:37:36
719,rb2210,SHFE,0_0_     1973960,     2463511,空,平今,5081.0,2,2022-04-07 10:41:04
720,rb2210,SHFE,0_0_     1975745,     2465327,空,开,5080.0,1,2022-04-07 10:41:17
721,rb2210,SHFE,0_0_     1975745,     2465382,空,开,5080.0,2,2022-04-07 10:41:17
722,rb2210,SHFE,0_0_     1976146,     2465467,多,平今,5079.0,2,2022-04-07 10:41:18
723,rb2210,SHFE,0_0_     1976480,     2465721,空,平今,5080.0,1,2022-04-07 10:41:21
724,rb2210,SHFE,0_0_     1976860,     2466036,多,平今,5079.0,1,2022-04-07 10:41:25
725,rb2210,SHFE,0_0_     1979458,     2467400,多,平今,5078.0,1,2022-04-07 10:41:39
726,rb2210,SHFE,0_0_     1977389,     2468081,空,开,5080.0,4,2022-04-07 10:41:46
727,rb2210,SHFE,0_0_     1980362,     2468493,多,平今,5079.0,1,2022-04-07 10:41:51
728,rb2210,SHFE,0_0_     1980362,     2468544,多,平今,5079.0,1,2022-04-07 10:41:52
729,rb2210,SHFE,0_0_     1980362,     2468545,多,平今,5079.0,1,2022-04-07 10:41:52
730,rb2210,SHFE,0_0_     1980362,     2468546,多,平今,5079.0,1,2022-04-07 10:41:52
731,rb2210,SHFE,0_0_     1981300,     2468588,空,开,5080.0,3,2022-04-07 10:41:52
732,rb2210,SHFE,0_0_     1982756,     2470022,多,平今,5079.0,1,2022-04-07 10:42:05
733,rb2210,SHFE,0_0_     1984082,     2470386,多,平今,5079.0,1,2022-04-07 10:42:11
734,rb2210,SHFE,0_0_     1984746,     2471285,多,平今,5079.0,1,2022-04-07 10:42:21
735,rb2210,SHFE,0_0_     1988639,     2473817,多,开,5078.0,2,2022-04-07 10:42:49
736,rb2210,SHFE,0_0_     1990511,     2475185,空,平今,5078.0,1,2022-04-07 10:43:03
737,rb2210,SHFE,0_0_     1990511,     2475339,空,平今,5078.0,1,2022-04-07 10:43:03
738,rb2210,SHFE,0_0_     1991621,     2475855,空,开,5078.0,1,2022-04-07 10:43:08
739,rb2210,SHFE,0_0_     1991621,     2475880,空,开,5078.0,3,2022-04-07 10:43:08
740,rb2210,SHFE,0_0_     2000693,     2488644,多,平今,5077.0,3,2022-04-07 10:44:59
741,rb2210,SHFE,0_0_     2005217,     2488691,空,开,5078.0,3,2022-04-07 10:44:59
742,rb2210,SHFE,0_0_     2005318,     2488841,多,平今,5077.0,3,2022-04-07 10:45:00
743,rb2210,SHFE,0_0_     2005381,     2488885,空,开,5078.0,2,2022-04-07 10:45:00
744,rb2210,SHFE,0_0_     2005381,     2488969,空,开,5078.0,1,2022-04-07 10:45:01
745,rb2210,SHFE,0_0_     2005532,     2489082,多,平今,5077.0,1,2022-04-07 10:45:01
746,rb2210,SHFE,0_0_     2005532,     2489084,多,平今,5077.0,3,2022-04-07 10:45:01
747,rb2210,SHFE,0_0_     2005533,     2489649,空,开,5078.0,3,2022-04-07 10:45:06
748,rb2210,SHFE,0_0_     2005533,     2489784,空,开,5078.0,1,2022-04-07 10:45:06
749,rb2210,SHFE,0_0_     2006429,     2489844,多,平今,5077.0,1,2022-04-07 10:45:07
750,rb2210,SHFE,0_0_     2006479,     2490002,空,开,5078.0,1,2022-04-07 10:45:07
751,rb2210,SHFE,0_0_     2006530,     2490118,多,平今,5077.0,1,2022-04-07 10:45:07
752,rb2210,SHFE,0_0_     2009799,     2498489,多,平今,5081.0,1,2022-04-07 10:46:06
753,rb2210,SHFE,0_0_     2006677,     2503655,多,开,5077.0,1,2022-04-07 10:47:02
754,rb2210,SHFE,0_0_     2006677,     2503736,多,开,5077.0,1,2022-04-07 10:47:03
755,rb2210,SHFE,0_0_     2006677,     2503820,多,开,5077.0,1,2022-04-07 10:47:03
756,rb2210,SHFE,0_0_     2006677,     2503830,多,开,5077.0,1,2022-04-07 10:47:03
757,rb2210,SHFE,0_0_     2027333,     2510685,空,开,5075.0,1,2022-04-07 10:48:07
758,rb2210,SHFE,0_0_     2027333,     2510703,空,开,5075.0,1,2022-04-07 10:48:07
759,rb2210,SHFE,0_0_     2027333,     2510714,空,开,5075.0,1,2022-04-07 10:48:08
760,rb2210,SHFE,0_0_     2027333,     2510718,空,开,5075.0,1,2022-04-07 10:48:08
761,rb2210,SHFE,0_0_     2028083,     2511042,多,平今,5074.0,2,2022-04-07 10:48:12
762,rb2210,SHFE,0_0_     2028083,     2511046,多,平今,5074.0,1,2022-04-07 10:48:12
763,rb2210,SHFE,0_0_     2028083,     2511069,多,平今,5074.0,1,2022-04-07 10:48:12
764,rb2210,SHFE,0_0_     2028361,     2511387,空,开,5075.0,4,2022-04-07 10:48:15
765,rb2210,SHFE,0_0_     2036098,     2519360,多,平今,5074.0,1,2022-04-07 10:49:32
766,rb2210,SHFE,0_0_     2045090,     2525447,空,平今,5075.0,1,2022-04-07 10:50:36
767,rb2210,SHFE,0_0_     2045090,     2525448,空,平今,5075.0,1,2022-04-07 10:50:36
768,rb2210,SHFE,0_0_     2045266,     2526824,多,平今,5074.0,1,2022-04-07 10:50:51
769,rb2210,SHFE,0_0_     2046684,     2528114,多,平今,5074.0,2,2022-04-07 10:50:58
770,rb2210,SHFE,0_0_     2047335,     2528325,空,开,5074.0,1,2022-04-07 10:50:59
771,rb2210,SHFE,0_0_     2047335,     2528326,空,开,5074.0,4,2022-04-07 10:50:59
772,rb2210,SHFE,0_0_     2049692,     2529952,多,平今,5074.0,3,2022-04-07 10:51:18
773,rb2210,SHFE,0_0_     2066219,     2549354,多,开,5079.0,1,2022-04-07 10:54:36
774,rb2210,SHFE,0_0_     2073413,     2549502,空,平今,5080.0,1,2022-04-07 10:54:37
775,rb2210,SHFE,0_0_     2073541,     2549535,多,开,5079.0,1,2022-04-07 10:54:38
776,rb2210,SHFE,0_0_     2082672,     2556515,空,平今,5088.0,1,2022-04-07 10:55:54
777,rb2210,SHFE,0_0_     2088254,     2571918,空,开,5086.0,3,2022-04-07 10:58:46
778,rb2210,SHFE,0_0_     2105436,     2571959,多,平今,5085.0,1,2022-04-07 10:58:47
779,rb2210,SHFE,0_0_     2105436,     2571961,多,平今,5085.0,1,2022-04-07 10:58:47
780,rb2210,SHFE,0_0_     2105436,     2571962,多,平今,5085.0,1,2022-04-07 10:58:47
781,rb2210,SHFE,0_0_     2125827,     2586112,空,开,5077.0,2,2022-04-07 11:01:34
782,rb2210,SHFE,0_0_     2125827,     2586123,空,开,5077.0,2,2022-04-07 11:01:34
783,rb2210,SHFE,0_0_     2128007,     2588291,多,平今,5074.0,2,2022-04-07 11:01:54
784,rb2210,SHFE,0_0_     2128587,     2588696,多,平今,5074.0,4,2022-04-07 11:01:57
785,rb2210,SHFE,0_0_     2128748,     2588870,空,平今,5075.0,1,2022-04-07 11:01:59
786,rb2210,SHFE,0_0_     2128748,     2588919,空,平今,5075.0,1,2022-04-07 11:01:59
787,rb2210,SHFE,0_0_     2128833,     2588995,空,开,5075.0,2,2022-04-07 11:02:00
788,rb2210,SHFE,0_0_     2128833,     2589003,空,开,5075.0,1,2022-04-07 11:02:00
789,rb2210,SHFE,0_0_     2128833,     2589011,空,开,5075.0,1,2022-04-07 11:02:00
790,rb2210,SHFE,0_0_     2131604,     2591881,空,开,5075.0,1,2022-04-07 11:02:20
791,rb2210,SHFE,0_0_     2131783,     2592077,多,平今,5074.0,5,2022-04-07 11:02:21
792,rb2210,SHFE,0_0_     2133266,     2593818,多,开,5072.0,7,2022-04-07 11:02:34
793,rb2210,SHFE,0_0_     2135302,     2597006,空,开,5071.0,4,2022-04-07 11:02:59
794,rb2210,SHFE,0_0_     2134403,     2598279,空,平今,5073.0,1,2022-04-07 11:03:12
795,rb2210,SHFE,0_0_     2134757,     2598285,空,平今,5073.0,3,2022-04-07 11:03:12
796,rb2210,SHFE,0_0_     2136773,     2598611,多,平今,5072.0,1,2022-04-07 11:03:14
797,rb2210,SHFE,0_0_     2136773,     2598612,多,平今,5072.0,3,2022-04-07 11:03:14
798,rb2210,SHFE,0_0_     2137069,     2598738,空,开,5073.0,3,2022-04-07 11:03:15
799,rb2210,SHFE,0_0_     2137069,     2598743,空,开,5073.0,1,2022-04-07 11:03:15
800,rb2210,SHFE,0_0_     2137242,     2598883,多,平今,5072.0,4,2022-04-07 11:03:16
801,rb2210,SHFE,0_0_     2137960,     2599826,空,平今,5071.0,1,2022-04-07 11:03:21
802,rb2210,SHFE,0_0_     2132416,     2602892,空,开,5074.0,1,2022-04-07 11:03:55
803,rb2210,SHFE,0_0_     2148842,     2611208,多,开,5075.0,2,2022-04-07 11:05:20
804,rb2210,SHFE,0_0_     2148842,     2611254,多,开,5075.0,2,2022-04-07 11:05:21
805,rb2210,SHFE,0_0_     2149047,     2612847,空,平今,5076.0,2,2022-04-07 11:05:33
806,rb2210,SHFE,0_0_     2150299,     2612939,多,开,5075.0,2,2022-04-07 11:05:34
807,rb2210,SHFE,0_0_     2147269,     2614553,多,平今,5072.0,2,2022-04-07 11:05:56
808,rb2210,SHFE,0_0_     2157932,     2620288,空,开,5069.0,7,2022-04-07 11:06:42
809,rb2210,SHFE,0_0_     2162577,     2625368,多,平今,5063.0,1,2022-04-07 11:07:19
810,rb2210,SHFE,0_0_     2162577,     2625384,多,平今,5063.0,2,2022-04-07 11:07:19
811,rb2210,SHFE,0_0_     2162577,     2625385,多,平今,5063.0,1,2022-04-07 11:07:19
812,rb2210,SHFE,0_0_     2162591,     2625441,空,开,5064.0,4,2022-04-07 11:07:19
813,rb2210,SHFE,0_0_     2162597,     2625443,多,平今,5063.0,1,2022-04-07 11:07:19
814,rb2210,SHFE,0_0_     2162597,     2625448,多,平今,5063.0,1,2022-04-07 11:07:19
815,rb2210,SHFE,0_0_     2162597,     2625449,多,平今,5063.0,2,2022-04-07 11:07:19
816,rb2210,SHFE,0_0_     2162598,     2625469,空,开,5064.0,1,2022-04-07 11:07:19
817,rb2210,SHFE,0_0_     2162598,     2625475,空,开,5064.0,3,2022-04-07 11:07:19
818,rb2210,SHFE,0_0_     2162603,     2625477,多,平今,5063.0,1,2022-04-07 11:07:19
819,rb2210,SHFE,0_0_     2162603,     2625478,多,平今,5063.0,1,2022-04-07 11:07:19
820,rb2210,SHFE,0_0_     2162603,     2625479,多,平今,5063.0,1,2022-04-07 11:07:19
821,rb2210,SHFE,0_0_     2162603,     2625480,多,平今,5063.0,1,2022-04-07 11:07:19
822,rb2210,SHFE,0_0_     2162604,     2625664,空,开,5064.0,1,2022-04-07 11:07:20
823,rb2210,SHFE,0_0_     2162604,     2625665,空,开,5064.0,2,2022-04-07 11:07:20
824,rb2210,SHFE,0_0_     2162604,     2625666,空,开,5064.0,1,2022-04-07 11:07:20
825,rb2210,SHFE,0_0_     2162648,     2625681,多,平今,5063.0,4,2022-04-07 11:07:20
826,rb2210,SHFE,0_0_     2162649,     2625993,空,开,5064.0,4,2022-04-07 11:07:20
827,rb2210,SHFE,0_0_     2162683,     2625998,多,平今,5063.0,1,2022-04-07 11:07:20
828,rb2210,SHFE,0_0_     2162683,     2626000,多,平今,5063.0,2,2022-04-07 11:07:20
829,rb2210,SHFE,0_0_     2162683,     2626001,多,平今,5063.0,1,2022-04-07 11:07:20
830,rb2210,SHFE,0_0_     2162684,     2626095,空,开,5064.0,4,2022-04-07 11:07:20
831,rb2210,SHFE,0_0_     2162736,     2626125,多,平今,5063.0,1,2022-04-07 11:07:20
832,rb2210,SHFE,0_0_     2162736,     2626126,多,平今,5063.0,1,2022-04-07 11:07:20
833,rb2210,SHFE,0_0_     2162736,     2626127,多,平今,5063.0,1,2022-04-07 11:07:20
834,rb2210,SHFE,0_0_     2162736,     2626128,多,平今,5063.0,1,2022-04-07 11:07:20
835,rb2210,SHFE,0_0_     2162748,     2626193,空,开,5064.0,4,2022-04-07 11:07:21
836,rb2210,SHFE,0_0_     2163105,     2628521,多,平今,5064.0,1,2022-04-07 11:07:31
837,rb2210,SHFE,0_0_     2166244,     2630385,空,开,5065.0,1,2022-04-07 11:07:43
838,rb2210,SHFE,0_0_     2166546,     2631392,多,平今,5065.0,2,2022-04-07 11:07:48
839,rb2210,SHFE,0_0_     2166891,     2631527,空,开,5066.0,2,2022-04-07 11:07:49
840,rb2210,SHFE,0_0_     2166990,     2631737,多,平今,5065.0,1,2022-04-07 11:07:50
841,rb2210,SHFE,0_0_     2166990,     2631785,多,平今,5065.0,1,2022-04-07 11:07:51
842,rb2210,SHFE,0_0_     2167159,     2632894,空,开,5066.0,1,2022-04-07 11:07:56
843,rb2210,SHFE,0_0_     2173809,     2638950,多,平今,5064.0,1,2022-04-07 11:08:34
844,rb2210,SHFE,0_0_     2173940,     2639173,多,平今,5064.0,1,2022-04-07 11:08:36
845,rb2210,SHFE,0_0_     2173940,     2639182,多,平今,5064.0,1,2022-04-07 11:08:36
846,rb2210,SHFE,0_0_     2174042,     2639219,空,开,5065.0,1,2022-04-07 11:08:36
847,rb2210,SHFE,0_0_     2174042,     2639350,空,开,5065.0,1,2022-04-07 11:08:37
848,rb2210,SHFE,0_0_     2174528,     2640009,多,平今,5064.0,4,2022-04-07 11:08:40
849,rb2210,SHFE,0_0_     2174948,     2640855,空,开,5065.0,2,2022-04-07 11:08:46
850,rb2210,SHFE,0_0_     2182324,     2646958,多,开,5071.0,2,2022-04-07 11:09:29
851,rb2210,SHFE,0_0_     2182431,     2647020,空,平今,5072.0,2,2022-04-07 11:09:30
852,rb2210,SHFE,0_0_     2182468,     2647056,多,开,5071.0,2,2022-04-07 11:09:30
853,rb2210,SHFE,0_0_     2185641,     2649944,空,平今,5070.0,1,2022-04-07 11:10:00
854,rb2210,SHFE,0_0_     2185641,     2649946,空,平今,5070.0,1,2022-04-07 11:10:00
855,rb2210,SHFE,0_0_     2185641,     2649950,空,平今,5070.0,1,2022-04-07 11:10:00
856,rb2210,SHFE,0_0_     2178661,     2649977,多,平今,5068.0,2,2022-04-07 11:10:00
857,rb2210,SHFE,0_0_     2178661,     2649978,多,平今,5068.0,2,2022-04-07 11:10:00
858,rb2210,SHFE,0_0_     2186064,     2650370,空,平今,5067.0,1,2022-04-07 11:10:02
859,rb2210,SHFE,0_0_     2186073,     2650460,多,开,5066.0,1,2022-04-07 11:10:02
860,rb2210,SHFE,0_0_     2186197,     2650475,空,平今,5067.0,1,2022-04-07 11:10:02
861,rb2210,SHFE,0_0_     2186235,     2650660,多,开,5066.0,2,2022-04-07 11:10:03
862,rb2210,SHFE,0_0_     2186422,     2650709,空,平今,5067.0,2,2022-04-07 11:10:04
863,rb2210,SHFE,0_0_     2186442,     2650720,多,开,5066.0,2,2022-04-07 11:10:04
864,rb2210,SHFE,0_0_     2186449,     2650986,空,平今,5067.0,2,2022-04-07 11:10:05
865,rb2210,SHFE,0_0_     2186783,     2652442,多,开,5065.0,3,2022-04-07 11:10:18
866,rb2210,SHFE,0_0_     2188473,     2653339,空,平今,5066.0,2,2022-04-07 11:10:22
867,rb2210,SHFE,0_0_     2188473,     2653341,空,平今,5066.0,1,2022-04-07 11:10:22
868,rb2210,SHFE,0_0_     2188515,     2653344,空,开,5066.0,4,2022-04-07 11:10:22
869,rb2210,SHFE,0_0_     2189551,     2654722,空,平今,5066.0,1,2022-04-07 11:10:31
870,rb2210,SHFE,0_0_     2192804,     2656621,多,平今,5062.000000000001,1,2022-04-07 11:10:49
871,rb2210,SHFE,0_0_     2193108,     2656786,空,平今,5063.0,1,2022-04-07 11:10:50
872,rb2210,SHFE,0_0_     2193037,     2656828,多,平今,5062.0,1,2022-04-07 11:10:50
873,rb2210,SHFE,0_0_     2193432,     2657395,空,平今,5063.0,1,2022-04-07 11:10:56
874,rb2210,SHFE,0_0_     2194000,     2657638,多,开,5062.0,2,2022-04-07 11:10:58
875,rb2210,SHFE,0_0_     2194000,     2657890,多,开,5062.0,2,2022-04-07 11:11:00
876,rb2210,SHFE,0_0_     2198510,     2662255,空,平今,5066.0,1,2022-04-07 11:11:36
877,rb2210,SHFE,0_0_     2198510,     2662284,空,平今,5066.0,3,2022-04-07 11:11:37
878,rb2210,SHFE,0_0_     2198733,     2662496,多,平今,5065.0,2,2022-04-07 11:11:39
879,rb2210,SHFE,0_0_     2198917,     2662539,多,开,5065.0,5,2022-04-07 11:11:40
880,rb2210,SHFE,0_0_     2198947,     2663059,空,平今,5065.000000000001,2,2022-04-07 11:11:43
881,rb2210,SHFE,0_0_     2199299,     2663079,多,开,5064.0,2,2022-04-07 11:11:43
882,rb2210,SHFE,0_0_     2199302,     2663832,空,平今,5065.0,1,2022-04-07 11:11:52
883,rb2210,SHFE,0_0_     2199302,     2663833,空,平今,5065.0,1,2022-04-07 11:11:52
884,rb2210,SHFE,0_0_     2200346,     2663986,多,开,5064.0,1,2022-04-07 11:11:54
885,rb2210,SHFE,0_0_     2202217,     2665464,空,平今,5062.0,2,2022-04-07 11:12:08
886,rb2210,SHFE,0_0_     2202217,     2665491,空,平今,5062.0,1,2022-04-07 11:12:08
887,rb2210,SHFE,0_0_     2202217,     2665500,空,平今,5062.0,1,2022-04-07 11:12:08
888,rb2210,SHFE,0_0_     2204051,     2668131,空,开,5061.0,1,2022-04-07 11:12:23
889,rb2210,SHFE,0_0_     2204051,     2668132,空,开,5061.0,3,2022-04-07 11:12:23
890,rb2210,SHFE,0_0_     2209737,     2673451,空,平今,5067.0,1,2022-04-07 11:13:19
891,rb2210,SHFE,0_0_     2210227,     2673649,多,开,5066.0,1,2022-04-07 11:13:23
892,rb2210,SHFE,0_0_     2210592,     2673907,空,平今,5067.0,1,2022-04-07 11:13:26
893,rb2210,SHFE,0_0_     2210969,     2674123,多,开,5066.0,1,2022-04-07 11:13:30
894,rb2210,SHFE,0_0_     2211410,     2674142,空,平今,5067.0,1,2022-04-07 11:13:30
895,rb2210,SHFE,0_0_     2211411,     2674292,多,开,5066.0,1,2022-04-07 11:13:32
896,rb2210,SHFE,0_0_     2205083,     2675475,多,平今,5062.0,2,2022-04-07 11:13:45
897,rb2210,SHFE,0_0_     2205083,     2675476,多,平今,5062.0,2,2022-04-07 11:13:45
898,rb2210,SHFE,0_0_     2213092,     2675500,空,开,5063.0,4,2022-04-07 11:13:45
899,rb2210,SHFE,0_0_     2213492,     2676151,多,开,5063.0,1,2022-04-07 11:13:57
900,rb2210,SHFE,0_0_     2213492,     2676152,多,开,5063.0,5,2022-04-07 11:13:57
901,rb2210,SHFE,0_0_     2214422,     2676215,多,平今,5063.0,2,2022-04-07 11:13:57
902,rb2210,SHFE,0_0_     2214798,     2676690,空,平今,5063.0,4,2022-04-07 11:14:00
903,rb2210,SHFE,0_0_     2215051,     2677016,空,平今,5062.0,3,2022-04-07 11:14:01
904,rb2210,SHFE,0_0_     2215218,     2677349,空,开,5062.0,1,2022-04-07 11:14:04
905,rb2210,SHFE,0_0_     2215218,     2677361,空,开,5062.0,1,2022-04-07 11:14:05
906,rb2210,SHFE,0_0_     2215880,     2677477,多,平今,5061.0,4,2022-04-07 11:14:06
907,rb2210,SHFE,0_0_     2216014,     2677546,空,开,5062.0,4,2022-04-07 11:14:07
908,rb2210,SHFE,0_0_     2216174,     2677600,多,平今,5061.0,3,2022-04-07 11:14:07
909,rb2210,SHFE,0_0_     2216315,     2677634,多,平今,5061.0,1,2022-04-07 11:14:08
910,rb2210,SHFE,0_0_     2216765,     2678090,空,开,5061.0,1,2022-04-07 11:14:12
911,rb2210,SHFE,0_0_     2217267,     2679112,空,开,5061.0,3,2022-04-07 11:14:15
912,rb2210,SHFE,0_0_     2217949,     2679118,多,平今,5060.0,1,2022-04-07 11:14:15
913,rb2210,SHFE,0_0_     2217949,     2679139,多,平今,5060.0,2,2022-04-07 11:14:15
914,rb2210,SHFE,0_0_     2217720,     2679304,多,开,5059.0,5,2022-04-07 11:14:16
915,rb2210,SHFE,0_0_     2218188,     2679378,空,平今,5060.0,5,2022-04-07 11:14:16
916,rb2210,SHFE,0_0_     2218237,     2679417,空,开,5060.0,3,2022-04-07 11:14:17
917,rb2210,SHFE,0_0_     2218222,     2679868,多,开,5059.0,2,2022-04-07 11:14:19
918,rb2210,SHFE,0_0_     2219274,     2680321,空,平今,5060.0,1,2022-04-07 11:14:24
919,rb2210,SHFE,0_0_     2219227,     2680400,空,平今,5061.000000000001,1,2022-04-07 11:14:24
920,rb2210,SHFE,0_0_     2218222,     2680516,多,开,5059.0,3,2022-04-07 11:14:25
921,rb2210,SHFE,0_0_     2219381,     2680553,空,平今,5060.0,3,2022-04-07 11:14:26
922,rb2210,SHFE,0_0_     2224194,     2685024,多,开,5062.0,7,2022-04-07 11:15:04
923,rb2210,SHFE,0_0_     2226325,     2688125,空,平今,5061.0,4,2022-04-07 11:15:33
924,rb2210,SHFE,0_0_     2219436,     2688360,多,平今,5059.0,2,2022-04-07 11:15:37
925,rb2210,SHFE,0_0_     2229782,     2689887,空,平今,5062.0,1,2022-04-07 11:15:51
926,rb2210,SHFE,0_0_     2224321,     2690165,空,平今,5063.0,1,2022-04-07 11:15:53
927,rb2210,SHFE,0_0_     2230567,     2690739,多,平今,5063.0,1,2022-04-07 11:15:58
928,rb2210,SHFE,0_0_     2232429,     2692456,空,开,5060.0,1,2022-04-07 11:16:09
929,rb2210,SHFE,0_0_     2232429,     2692463,空,开,5060.0,1,2022-04-07 11:16:09
930,rb2210,SHFE,0_0_     2232429,     2692467,空,开,5060.0,1,2022-04-07 11:16:09
931,rb2210,SHFE,0_0_     2219436,     2692489,多,平今,5059.0,1,2022-04-07 11:16:10
932,rb2210,SHFE,0_0_     2233552,     2693597,空,开,5059.0,3,2022-04-07 11:16:14
933,rb2210,SHFE,0_0_     2233552,     2693598,空,开,5059.0,1,2022-04-07 11:16:14
934,rb2210,SHFE,0_0_     2234346,     2696551,多,平今,5056.0,4,2022-04-07 11:16:31
935,rb2210,SHFE,0_0_     2236301,     2696625,空,开,5057.0,4,2022-04-07 11:16:32
936,rb2210,SHFE,0_0_     2235921,     2697006,多,平今,5056.0,2,2022-04-07 11:16:34
937,rb2210,SHFE,0_0_     2236432,     2697036,多,平今,5056.0,4,2022-04-07 11:16:34
938,rb2210,SHFE,0_0_     2236556,     2697041,多,开,5056.0,3,2022-04-07 11:16:34
939,rb2210,SHFE,0_0_     2236556,     2697042,多,开,5056.0,1,2022-04-07 11:16:34
940,rb2210,SHFE,0_0_     2236818,     2697055,空,开,5057.0,2,2022-04-07 11:16:34
941,rb2210,SHFE,0_0_     2236818,     2697057,空,开,5057.0,4,2022-04-07 11:16:34
942,rb2210,SHFE,0_0_     2236830,     2697085,空,平今,5057.0,4,2022-04-07 11:16:35
943,rb2210,SHFE,0_0_     2236828,     2697109,多,平今,5056.0,7,2022-04-07 11:16:35
944,rb2210,SHFE,0_0_     2236868,     2697118,空,开,5057.0,1,2022-04-07 11:16:35
945,rb2210,SHFE,0_0_     2236868,     2697129,空,开,5057.0,1,2022-04-07 11:16:35
946,rb2210,SHFE,0_0_     2236868,     2697131,空,开,5057.0,5,2022-04-07 11:16:35
947,rb2210,SHFE,0_0_     2237365,     2697741,多,平今,5057.0,3,2022-04-07 11:16:38
948,rb2210,SHFE,0_0_     2237665,     2697975,空,开,5057.0,1,2022-04-07 11:16:40
949,rb2210,SHFE,0_0_     2237665,     2697976,空,开,5057.0,2,2022-04-07 11:16:40
950,rb2210,SHFE,0_0_     2239257,     2702949,多,开,5058.0,6,2022-04-07 11:17:20
951,rb2210,SHFE,0_0_     2243471,     2703101,空,平今,5060.0,4,2022-04-07 11:17:22
952,rb2210,SHFE,0_0_     2243510,     2703859,多,开,5059.0,4,2022-04-07 11:17:24
953,rb2210,SHFE,0_0_     2244122,     2703912,空,平今,5060.0,1,2022-04-07 11:17:25
954,rb2210,SHFE,0_0_     2244122,     2703913,空,平今,5060.0,2,2022-04-07 11:17:25
955,rb2210,SHFE,0_0_     2244122,     2703914,空,平今,5060.0,1,2022-04-07 11:17:25
956,rb2210,SHFE,0_0_     2244143,     2704045,多,开,5059.0,4,2022-04-07 11:17:25
957,rb2210,SHFE,0_0_     2244255,     2704304,空,平今,5060.0,4,2022-04-07 11:17:27
958,rb2210,SHFE,0_0_     2244711,     2704366,空,平今,5060.0,3,2022-04-07 11:17:28
959,rb2210,SHFE,0_0_     2244657,     2704421,多,开,5059.0,5,2022-04-07 11:17:28
960,rb2210,SHFE,0_0_     2245123,     2704998,多,开,5059.0,2,2022-04-07 11:17:29
961,rb2210,SHFE,0_0_     2245232,     2705241,空,平今,5060.0,2,2022-04-07 11:17:30
962,rb2210,SHFE,0_0_     2245232,     2705242,空,平今,5060.0,2,2022-04-07 11:17:30
963,rb2210,SHFE,0_0_     2245298,     2705302,多,开,5059.0,4,2022-04-07 11:17:30
964,rb2210,SHFE,0_0_     2249333,     2709604,空,平今,5063.0,1,2022-04-07 11:17:57
965,rb2210,SHFE,0_0_     2249422,     2709900,多,开,5063.0,2,2022-04-07 11:17:59
966,rb2210,SHFE,0_0_     2249532,     2710124,空,平今,5064.0,3,2022-04-07 11:18:00
967,rb2210,SHFE,0_0_     2249759,     2710264,多,开,5063.0,3,2022-04-07 11:18:01
968,rb2210,SHFE,0_0_     2250867,     2711901,空,平今,5065.0,2,2022-04-07 11:18:12
969,rb2210,SHFE,0_0_     2251323,     2711979,多,开,5064.0,2,2022-04-07 11:18:13
970,rb2210,SHFE,0_0_     2271291,     2730431,空,平今,5067.0,3,2022-04-07 11:20:48
971,rb2210,SHFE,0_0_     2271291,     2730531,空,平今,5067.0,5,2022-04-07 11:20:48
972,rb2210,SHFE,0_0_     2271369,     2730593,多,开,5067.0,1,2022-04-07 11:20:49
973,rb2210,SHFE,0_0_     2271369,     2730594,多,开,5067.0,1,2022-04-07 11:20:49
974,rb2210,SHFE,0_0_     2271369,     2730595,多,开,5067.0,1,2022-04-07 11:20:49
975,rb2210,SHFE,0_0_     2271369,     2730596,多,开,5067.0,1,2022-04-07 11:20:49
976,rb2210,SHFE,0_0_     2271369,     2730607,多,开,5067.0,1,2022-04-07 11:20:49
977,rb2210,SHFE,0_0_     2271369,     2730608,多,开,5067.0,1,2022-04-07 11:20:49
978,rb2210,SHFE,0_0_     2271369,     2730610,多,开,5067.0,1,2022-04-07 11:20:49
979,rb2210,SHFE,0_0_     2270079,     2731384,多,平今,5065.0,1,2022-04-07 11:20:54
980,rb2210,SHFE,0_0_     2271938,     2742952,空,平今,5066.0,1,2022-04-07 11:22:46
981,rb2210,SHFE,0_0_     2271938,     2742957,空,平今,5066.0,1,2022-04-07 11:22:46
982,rb2210,SHFE,0_0_     2285934,     2743075,多,平今,5065.000000000001,2,2022-04-07 11:22:48
983,rb2210,SHFE,0_0_     2286029,     2743752,空,平今,5066.0,2,2022-04-07 11:22:52
984,rb2210,SHFE,0_0_     2286521,     2743772,多,平今,5065.0,3,2022-04-07 11:22:52
985,rb2210,SHFE,0_0_     2287354,     2744464,空,开,5062.0,1,2022-04-07 11:23:00
986,rb2210,SHFE,0_0_     2287354,     2744465,空,开,5062.0,2,2022-04-07 11:23:00
987,rb2210,SHFE,0_0_     2288371,     2745489,多,平今,5061.0,4,2022-04-07 11:23:06
988,rb2210,SHFE,0_0_     2288550,     2745954,空,开,5062.0,4,2022-04-07 11:23:11
989,rb2210,SHFE,0_0_     2292900,     2749151,空,开,5060.0,3,2022-04-07 11:23:49
990,rb2210,SHFE,0_0_     2293158,     2749460,多,平今,5059.0,4,2022-04-07 11:23:49
991,rb2210,SHFE,0_0_     2293190,     2751617,空,开,5060.0,1,2022-04-07 11:24:09
992,rb2210,SHFE,0_0_     2293190,     2751618,空,开,5060.0,2,2022-04-07 11:24:09
993,rb2210,SHFE,0_0_     2293190,     2751632,空,开,5060.0,1,2022-04-07 11:24:09
994,rb2210,SHFE,0_0_     2295962,     2751689,多,平今,5059.0,1,2022-04-07 11:24:10
995,rb2210,SHFE,0_0_     2296655,     2752871,多,平今,5061.0,2,2022-04-07 11:24:19
996,rb2210,SHFE,0_0_     2302092,     2757368,多,开,5067.0,1,2022-04-07 11:25:07
997,rb2210,SHFE,0_0_     2302092,     2757369,多,开,5067.0,1,2022-04-07 11:25:07
998,rb2210,SHFE,0_0_     2302092,     2757370,多,开,5067.0,1,2022-04-07 11:25:07
999,rb2210,SHFE,0_0_     2302092,     2757371,多,开,5067.0,1,2022-04-07 11:25:07
1000,rb2210,SHFE,0_0_     2302092,     2757372,多,开,5067.0,1,2022-04-07 11:25:07
1001,rb2210,SHFE,0_0_     2303074,     2758786,空,平今,5067.0,1,2022-04-07 11:25:19
1002,rb2210,SHFE,0_0_     2307377,     2764321,空,平今,5071.0,4,2022-04-07 11:26:06
1003,rb2210,SHFE,0_0_     2308019,     2764993,多,平今,5070.0,2,2022-04-07 11:26:12
1004,rb2210,SHFE,0_0_     2308615,     2765006,空,平今,5071.0,1,2022-04-07 11:26:12
1005,rb2210,SHFE,0_0_     2308615,     2765007,空,平今,5071.0,1,2022-04-07 11:26:12
1006,rb2210,SHFE,0_0_     2320088,     2776449,多,开,5060.0,7,2022-04-07 11:27:47
1007,rb2210,SHFE,0_0_     2320652,     2777088,空,平今,5058.0,4,2022-04-07 11:27:54
1008,rb2210,SHFE,0_0_     2320652,     2777089,空,平今,5058.0,1,2022-04-07 11:27:54
1009,rb2210,SHFE,0_0_     2320652,     2777090,空,平今,5058.0,1,2022-04-07 11:27:54
1010,rb2210,SHFE,0_0_     2320969,     2781393,空,开,5058.0,3,2022-04-07 11:28:21
1011,rb2210,SHFE,0_0_     2324760,     2783015,多,平今,5059.0,2,2022-04-07 11:28:33
1012,rb2210,SHFE,0_0_     2329488,     2812540,多,平今,5044.0,2,2022-04-07 13:30:12
1013,rb2210,SHFE,0_0_     2329488,     2812545,多,平今,5044.0,1,2022-04-07 13:30:12
1014,rb2210,SHFE,0_0_     2329535,     2814628,空,开,5046.0,3,2022-04-07 13:30:17
1015,rb2210,SHFE,0_0_     2329769,     2819106,多,开,5050.0,6,2022-04-07 13:30:28
1016,rb2210,SHFE,0_0_     2329792,     2819306,空,平今,5051.0,1,2022-04-07 13:30:29
1017,rb2210,SHFE,0_0_     2329808,     2819449,空,平今,5050.0,4,2022-04-07 13:30:30
1018,rb2210,SHFE,0_0_     2329601,     2823593,多,平今,5044.0,3,2022-04-07 13:30:47
1019,rb2210,SHFE,0_0_     2330083,     2823820,空,开,5046.0,2,2022-04-07 13:30:48
1020,rb2210,SHFE,0_0_     2330083,     2823821,空,开,5046.0,1,2022-04-07 13:30:48
1021,rb2210,SHFE,0_0_     2330083,     2823845,空,开,5046.0,3,2022-04-07 13:30:48
1022,rb2210,SHFE,0_0_     2330083,     2824096,空,开,5046.0,1,2022-04-07 13:30:49
1023,rb2210,SHFE,0_0_     2330083,     2824199,空,开,5046.0,1,2022-04-07 13:30:49
1024,rb2210,SHFE,0_0_     2330070,     2825189,多,开,5044.0,2,2022-04-07 13:30:53
1025,rb2210,SHFE,0_0_     2330186,     2825295,空,平今,5045.0,4,2022-04-07 13:30:54
1026,rb2210,SHFE,0_0_     2330239,     2825921,多,平今,5044.0,4,2022-04-07 13:30:56
1027,rb2210,SHFE,0_0_     2330239,     2825922,多,平今,5044.0,1,2022-04-07 13:30:56
1028,rb2210,SHFE,0_0_     2330239,     2825925,多,平今,5044.0,3,2022-04-07 13:30:56
1029,rb2210,SHFE,0_0_     2330271,     2826196,空,开,5043.0,3,2022-04-07 13:30:58
1030,rb2210,SHFE,0_0_     2330247,     2826277,空,开,5044.0,3,2022-04-07 13:30:58
1031,rb2210,SHFE,0_0_     2330247,     2826299,空,开,5044.0,1,2022-04-07 13:30:58
1032,rb2210,SHFE,0_0_     2330307,     2826808,空,平今,5045.0,1,2022-04-07 13:31:00
1033,rb2210,SHFE,0_0_     2330274,     2827066,多,平今,5042.0,2,2022-04-07 13:31:00
1034,rb2210,SHFE,0_0_     2330339,     2827081,空,开,5043.0,2,2022-04-07 13:31:00
1035,rb2210,SHFE,0_0_     2330340,     2827306,多,平今,5042.0,2,2022-04-07 13:31:01
1036,rb2210,SHFE,0_0_     2330356,     2827320,空,开,5043.0,2,2022-04-07 13:31:01
1037,rb2210,SHFE,0_0_     2330358,     2827334,多,平今,5042.0,2,2022-04-07 13:31:01
1038,rb2210,SHFE,0_0_     2330359,     2827458,空,开,5043.0,1,2022-04-07 13:31:01
1039,rb2210,SHFE,0_0_     2330359,     2827460,空,开,5043.0,1,2022-04-07 13:31:01
1040,rb2210,SHFE,0_0_     2330363,     2827651,多,平今,5042.0,2,2022-04-07 13:31:02
1041,rb2210,SHFE,0_0_     2330371,     2827689,空,开,5043.0,1,2022-04-07 13:31:02
1042,rb2210,SHFE,0_0_     2330371,     2827695,空,开,5043.0,1,2022-04-07 13:31:02
1043,rb2210,SHFE,0_0_     2330379,     2828079,多,平今,5042.0,4,2022-04-07 13:31:03
1044,rb2210,SHFE,0_0_     2330438,     2828704,空,开,5043.0,4,2022-04-07 13:31:05
1045,rb2210,SHFE,0_0_     2330460,     2828743,多,平今,5042.0,1,2022-04-07 13:31:05
1046,rb2210,SHFE,0_0_     2330460,     2828744,多,平今,5042.0,3,2022-04-07 13:31:05
1047,rb2210,SHFE,0_0_     2330463,     2828758,空,开,5043.0,1,2022-04-07 13:31:05
1048,rb2210,SHFE,0_0_     2330463,     2828763,空,开,5043.0,1,2022-04-07 13:31:05
1049,rb2210,SHFE,0_0_     2330463,     2828767,空,开,5043.0,1,2022-04-07 13:31:06
1050,rb2210,SHFE,0_0_     2330463,     2828784,空,开,5043.0,1,2022-04-07 13:31:06
1051,rb2210,SHFE,0_0_     2330477,     2829095,多,平今,5043.0,4,2022-04-07 13:31:07
1052,rb2210,SHFE,0_0_     2330464,     2830358,多,平今,5042.0,1,2022-04-07 13:31:10
1053,rb2210,SHFE,0_0_     2330464,     2830359,多,平今,5042.0,2,2022-04-07 13:31:10
1054,rb2210,SHFE,0_0_     2330561,     2830373,空,开,5043.0,1,2022-04-07 13:31:10
1055,rb2210,SHFE,0_0_     2330648,     2831628,多,平今,5043.0,1,2022-04-07 13:31:16
1056,rb2210,SHFE,0_0_     2330690,     2831778,空,开,5043.0,1,2022-04-07 13:31:16
1057,rb2210,SHFE,0_0_     2330691,     2831996,多,开,5043.0,2,2022-04-07 13:31:17
1058,rb2210,SHFE,0_0_     2330733,     2832550,多,开,5043.0,2,2022-04-07 13:31:20
1059,rb2210,SHFE,0_0_     2330733,     2832551,多,开,5043.0,1,2022-04-07 13:31:20
1060,rb2210,SHFE,0_0_     2330984,     2835146,空,开,5044.0,1,2022-04-07 13:31:33
1061,rb2210,SHFE,0_0_     2330984,     2835150,空,开,5044.0,2,2022-04-07 13:31:33
1062,rb2210,SHFE,0_0_     2330853,     2835525,空,平今,5045.0,3,2022-04-07 13:31:34
1063,rb2210,SHFE,0_0_     2331020,     2835822,多,平今,5044.0,3,2022-04-07 13:31:36
1064,rb2210,SHFE,0_0_     2331121,     2836474,空,平今,5043.0,2,2022-04-07 13:31:39
1065,rb2210,SHFE,0_0_     2331185,     2836927,多,开,5042.0,4,2022-04-07 13:31:40
1066,rb2210,SHFE,0_0_     2331251,     2839000,空,平今,5042.0,1,2022-04-07 13:31:43
1067,rb2210,SHFE,0_0_     2331251,     2839001,空,平今,5042.0,3,2022-04-07 13:31:43
1068,rb2210,SHFE,0_0_     2331291,     2841610,空,开,5042.0,2,2022-04-07 13:31:52
1069,rb2210,SHFE,0_0_     2331610,     2841731,多,平今,5041.0,1,2022-04-07 13:31:52
1070,rb2210,SHFE,0_0_     2331610,     2841763,多,平今,5041.0,1,2022-04-07 13:31:52
1071,rb2210,SHFE,0_0_     2331640,     2841875,空,开,5042.0,2,2022-04-07 13:31:53
1072,rb2210,SHFE,0_0_     2331643,     2842194,多,平今,5041.0,1,2022-04-07 13:31:54
1073,rb2210,SHFE,0_0_     2331643,     2842195,多,平今,5041.0,1,2022-04-07 13:31:54
1074,rb2210,SHFE,0_0_     2331668,     2842246,多,开,5041.0,4,2022-04-07 13:31:55
1075,rb2210,SHFE,0_0_     2331730,     2842267,空,平今,5042.0,4,2022-04-07 13:31:55
1076,rb2210,SHFE,0_0_     2331740,     2842291,多,开,5041.0,4,2022-04-07 13:31:55
1077,rb2210,SHFE,0_0_     2331749,     2842299,多,开,5041.0,3,2022-04-07 13:31:55
1078,rb2210,SHFE,0_0_     2331748,     2842325,空,平今,5042.0,4,2022-04-07 13:31:55
1079,rb2210,SHFE,0_0_     2331750,     2843293,多,开,5041.0,3,2022-04-07 13:32:00
1080,rb2210,SHFE,0_0_     2331750,     2843294,多,开,5041.0,1,2022-04-07 13:32:00
1081,rb2210,SHFE,0_0_     2331874,     2843534,空,平今,5042.0,1,2022-04-07 13:32:00
1082,rb2210,SHFE,0_0_     2331874,     2843544,空,平今,5042.0,1,2022-04-07 13:32:00
1083,rb2210,SHFE,0_0_     2331874,     2843546,空,平今,5042.0,1,2022-04-07 13:32:00
1084,rb2210,SHFE,0_0_     2331874,     2843558,空,平今,5042.0,1,2022-04-07 13:32:00
1085,rb2210,SHFE,0_0_     2331935,     2843705,多,平今,5041.0,1,2022-04-07 13:32:01
1086,rb2210,SHFE,0_0_     2331941,     2845585,空,平今,5042.0,1,2022-04-07 13:32:08
1087,rb2210,SHFE,0_0_     2331062,     2846766,空,开,5045.0,1,2022-04-07 13:32:12
1088,rb2210,SHFE,0_0_     2331062,     2846783,空,开,5045.0,1,2022-04-07 13:32:12
1089,rb2210,SHFE,0_0_     2331062,     2846817,空,开,5045.0,1,2022-04-07 13:32:12
1090,rb2210,SHFE,0_0_     2332357,     2846870,多,平今,5044.0,2,2022-04-07 13:32:12
1091,rb2210,SHFE,0_0_     2332357,     2846876,多,平今,5044.0,1,2022-04-07 13:32:12
1092,rb2210,SHFE,0_0_     2332360,     2846956,空,平今,5045.0,1,2022-04-07 13:32:13
1093,rb2210,SHFE,0_0_     2332366,     2846986,多,开,5044.0,1,2022-04-07 13:32:13
1094,rb2210,SHFE,0_0_     2333126,     2850689,空,开,5040.0,2,2022-04-07 13:32:29
1095,rb2210,SHFE,0_0_     2333126,     2850690,空,开,5040.0,5,2022-04-07 13:32:29
1096,rb2210,SHFE,0_0_     2333126,     2850740,空,开,5040.0,1,2022-04-07 13:32:29
1097,rb2210,SHFE,0_0_     2336256,     2857409,多,平今,5041.0,6,2022-04-07 13:32:58
1098,rb2210,SHFE,0_0_     2337891,     2860395,空,平今,5041.0,1,2022-04-07 13:33:12
1099,rb2210,SHFE,0_0_     2337930,     2860412,多,开,5040.0,1,2022-04-07 13:33:12
1100,rb2210,SHFE,0_0_     2337934,     2860480,空,平今,5041.0,1,2022-04-07 13:33:12
1101,rb2210,SHFE,0_0_     2337986,     2860488,多,开,5040.0,1,2022-04-07 13:33:12
1102,rb2210,SHFE,0_0_     2337988,     2860536,空,平今,5041.0,1,2022-04-07 13:33:12
1103,rb2210,SHFE,0_0_     2338010,     2860644,多,开,5040.0,1,2022-04-07 13:33:13
1104,rb2210,SHFE,0_0_     2341663,     2865628,空,开,5038.0,5,2022-04-07 13:33:43
1105,rb2210,SHFE,0_0_     2342303,     2866741,多,平今,5037.0,1,2022-04-07 13:33:51
1106,rb2210,SHFE,0_0_     2342892,     2867916,空,开,5037.0,1,2022-04-07 13:33:59
1107,rb2210,SHFE,0_0_     2345546,     2872715,多,平今,5038.0,1,2022-04-07 13:34:23
1108,rb2210,SHFE,0_0_     2345831,     2873295,多,平今,5038.0,2,2022-04-07 13:34:27
1109,rb2210,SHFE,0_0_     2347899,     2875721,多,开,5039.0,2,2022-04-07 13:34:40
1110,rb2210,SHFE,0_0_     2338039,     2876600,空,平今,5041.0,1,2022-04-07 13:34:47
1111,rb2210,SHFE,0_0_     2348981,     2877042,多,平今,5040.000000000001,1,2022-04-07 13:34:50
1112,rb2210,SHFE,0_0_     2350204,     2878499,多,开,5039.0,3,2022-04-07 13:34:56
1113,rb2210,SHFE,0_0_     2350987,     2882014,空,平今,5039.0,1,2022-04-07 13:35:05
1114,rb2210,SHFE,0_0_     2349331,     2882140,空,平今,5041.0,1,2022-04-07 13:35:05
1115,rb2210,SHFE,0_0_     2352472,     2882335,多,开,5039.0,1,2022-04-07 13:35:05
1116,rb2210,SHFE,0_0_     2357828,     2891507,空,平今,5036.0,3,2022-04-07 13:35:34
1117,rb2210,SHFE,0_0_     2363283,     2898467,多,开,5042.0,1,2022-04-07 13:36:02
1118,rb2210,SHFE,0_0_     2363357,     2898642,多,开,5042.0,1,2022-04-07 13:36:03
1119,rb2210,SHFE,0_0_     2366632,     2902828,空,平今,5045.0,3,2022-04-07 13:36:22
1120,rb2210,SHFE,0_0_     2373023,     2910121,空,平今,5046.0,1,2022-04-07 13:36:58
1121,rb2210,SHFE,0_0_     2381884,     2920641,多,平今,5049.0,1,2022-04-07 13:37:50
1122,rb2210,SHFE,0_0_     2382042,     2921018,空,开,5050.0,1,2022-04-07 13:37:52
1123,rb2210,SHFE,0_0_     2382312,     2921050,多,平今,5049.000000000001,1,2022-04-07 13:37:52
1124,rb2210,SHFE,0_0_     2386745,     2926396,空,开,5048.0,1,2022-04-07 13:38:29
1125,rb2210,SHFE,0_0_     2388307,     2928095,多,平今,5048.0,1,2022-04-07 13:38:44
1126,rb2210,SHFE,0_0_     2389049,     2928307,空,开,5049.0,1,2022-04-07 13:38:45
1127,rb2210,SHFE,0_0_     2412827,     2962899,多,开,5050.0,4,2022-04-07 13:42:26
1128,rb2210,SHFE,0_0_     2415523,     2964328,空,开,5053.0,1,2022-04-07 13:42:37
1129,rb2210,SHFE,0_0_     2415523,     2964329,空,开,5053.0,1,2022-04-07 13:42:37
1130,rb2210,SHFE,0_0_     2418178,     2964667,多,平今,5053.0,2,2022-04-07 13:42:38
1131,rb2210,SHFE,0_0_     2418115,     2966120,多,平今,5052.0,1,2022-04-07 13:42:49
1132,rb2210,SHFE,0_0_     2419721,     2966670,多,开,5051.0,1,2022-04-07 13:42:54
1133,rb2210,SHFE,0_0_     2419721,     2966673,多,开,5051.0,1,2022-04-07 13:42:54
1134,rb2210,SHFE,0_0_     2419565,     2967692,空,平今,5053.0,1,2022-04-07 13:43:02
1135,rb2210,SHFE,0_0_     2420767,     2967864,空,平今,5053.0,1,2022-04-07 13:43:03
1136,rb2210,SHFE,0_0_     2420767,     2967865,空,平今,5053.0,1,2022-04-07 13:43:03
1137,rb2210,SHFE,0_0_     2421146,     2967993,空,平今,5053.0,1,2022-04-07 13:43:04
1138,rb2210,SHFE,0_0_     2422939,     2971627,空,平今,5055.0,1,2022-04-07 13:43:22
1139,rb2210,SHFE,0_0_     2422939,     2971628,空,平今,5055.0,1,2022-04-07 13:43:22
1140,rb2210,SHFE,0_0_     2426015,     2977207,多,平今,5055.0,2,2022-04-07 13:43:48
1141,rb2210,SHFE,0_0_     2427200,     2978478,多,开,5057.0,1,2022-04-07 13:43:56
1142,rb2210,SHFE,0_0_     2427200,     2983045,多,开,5057.0,1,2022-04-07 13:44:24
1143,rb2210,SHFE,0_0_     2427200,     2983107,多,开,5057.0,1,2022-04-07 13:44:24
1144,rb2210,SHFE,0_0_     2431682,     2983684,多,开,5057.0,1,2022-04-07 13:44:32
1145,rb2210,SHFE,0_0_     2432375,     2983831,空,平今,5058.0,1,2022-04-07 13:44:33
1146,rb2210,SHFE,0_0_     2432375,     2983838,空,平今,5058.0,1,2022-04-07 13:44:33
1147,rb2210,SHFE,0_0_     2434925,     2988102,空,平今,5058.0,2,2022-04-07 13:45:00
1148,rb2210,SHFE,0_0_     2435748,     2989496,空,开,5058.0,1,2022-04-07 13:45:05
1149,rb2210,SHFE,0_0_     2435748,     2989497,空,开,5058.0,1,2022-04-07 13:45:05
1150,rb2210,SHFE,0_0_     2437962,     2993105,空,开,5055.0,2,2022-04-07 13:45:24
1151,rb2210,SHFE,0_0_     2421016,     2994102,多,开,5052.0,2,2022-04-07 13:45:29
1152,rb2210,SHFE,0_0_     2438780,     2994262,空,平今,5053.0,1,2022-04-07 13:45:30
1153,rb2210,SHFE,0_0_     2438780,     2994309,空,平今,5053.0,1,2022-04-07 13:45:30
1154,rb2210,SHFE,0_0_     2442243,     2997742,多,平今,5052.0,1,2022-04-07 13:45:58
1155,rb2210,SHFE,0_0_     2443535,     2999716,多,开,5054.0,8,2022-04-07 13:46:09
1156,rb2210,SHFE,0_0_     2451391,     3010437,空,平今,5051.0,4,2022-04-07 13:47:19
1157,rb2210,SHFE,0_0_     2452196,     3011074,多,开,5052.0,4,2022-04-07 13:47:21
1158,rb2210,SHFE,0_0_     2456637,     3016639,空,平今,5050.0,4,2022-04-07 13:47:57
1159,rb2210,SHFE,0_0_     2456637,     3016721,空,平今,5050.0,1,2022-04-07 13:47:58
1160,rb2210,SHFE,0_0_     2456637,     3016727,空,平今,5050.0,1,2022-04-07 13:47:58
1161,rb2210,SHFE,0_0_     2457187,     3017256,多,平今,5049.0,1,2022-04-07 13:48:01
1162,rb2210,SHFE,0_0_     2457891,     3017528,多,平今,5049.0,1,2022-04-07 13:48:04
1163,rb2210,SHFE,0_0_     2459036,     3019007,多,平今,5049.0,1,2022-04-07 13:48:14
1164,rb2210,SHFE,0_0_     2459396,     3019572,空,开,5048.0,4,2022-04-07 13:48:17
1165,rb2210,SHFE,0_0_     2459920,     3020266,多,平今,5048.0,3,2022-04-07 13:48:21
1166,rb2210,SHFE,0_0_     2459963,     3021847,空,开,5049.0,3,2022-04-07 13:48:37
1167,rb2210,SHFE,0_0_     2461599,     3021953,多,平今,5048.0,3,2022-04-07 13:48:37
1168,rb2210,SHFE,0_0_     2462550,     3023433,空,平今,5046.0,2,2022-04-07 13:48:52
1169,rb2210,SHFE,0_0_     2467214,     3029056,空,开,5043.0,1,2022-04-07 13:49:35
1170,rb2210,SHFE,0_0_     2467328,     3031997,多,平今,5042.0,1,2022-04-07 13:49:53
1171,rb2210,SHFE,0_0_     2481027,     3049017,多,平今,5045.0,1,2022-04-07 13:52:08
1172,rb2210,SHFE,0_0_     2461627,     3052457,空,开,5049.0,1,2022-04-07 13:52:46
1173,rb2210,SHFE,0_0_     2461627,     3052486,空,开,5049.0,1,2022-04-07 13:52:47
1174,rb2210,SHFE,0_0_     2461627,     3052487,空,开,5049.0,1,2022-04-07 13:52:47
1175,rb2210,SHFE,0_0_     2485075,     3055043,多,开,5048.0,3,2022-04-07 13:53:14
1176,rb2210,SHFE,0_0_     2503310,     3075272,多,平今,5057.0,1,2022-04-07 13:56:17
1177,rb2210,SHFE,0_0_     2503532,     3075284,空,平今,5058.0,1,2022-04-07 13:56:17
1178,rb2210,SHFE,0_0_     2503544,     3075358,多,平今,5057.0,1,2022-04-07 13:56:18
1179,rb2210,SHFE,0_0_     2503637,     3075464,空,开,5058.0,4,2022-04-07 13:56:20
1180,rb2210,SHFE,0_0_     2503747,     3075472,多,平今,5057.0,4,2022-04-07 13:56:20
1181,rb2210,SHFE,0_0_     2503752,     3075864,空,开,5058.0,4,2022-04-07 13:56:24
1182,rb2210,SHFE,0_0_     2504131,     3076006,多,平今,5057.0,4,2022-04-07 13:56:25
1183,rb2210,SHFE,0_0_     2505131,     3077719,空,平今,5062.0,2,2022-04-07 13:56:34
1184,rb2210,SHFE,0_0_     2505189,     3078041,多,开,5061.0,2,2022-04-07 13:56:36
1185,rb2210,SHFE,0_0_     2505576,     3078642,空,开,5060.0,4,2022-04-07 13:56:40
1186,rb2210,SHFE,0_0_     2506692,     3080252,多,开,5061.0,2,2022-04-07 13:56:55
1187,rb2210,SHFE,0_0_     2505377,     3080365,空,平今,5062.0,2,2022-04-07 13:56:56
1188,rb2210,SHFE,0_0_     2507219,     3080382,多,开,5061.0,1,2022-04-07 13:56:56
1189,rb2210,SHFE,0_0_     2507219,     3080392,多,开,5061.0,1,2022-04-07 13:56:56
1190,rb2210,SHFE,0_0_     2508210,     3081801,多,开,5061.0,3,2022-04-07 13:57:06
1191,rb2210,SHFE,0_0_     2508210,     3081802,多,开,5061.0,1,2022-04-07 13:57:06
1192,rb2210,SHFE,0_0_     2510429,     3084619,空,平今,5062.0,8,2022-04-07 13:57:28
1193,rb2210,SHFE,0_0_     2510741,     3085239,多,开,5061.0,1,2022-04-07 13:57:31
1194,rb2210,SHFE,0_0_     2510741,     3085338,多,开,5061.0,1,2022-04-07 13:57:32
1195,rb2210,SHFE,0_0_     2510741,     3085377,多,开,5061.0,1,2022-04-07 13:57:32
1196,rb2210,SHFE,0_0_     2510741,     3085380,多,开,5061.0,1,2022-04-07 13:57:32
1197,rb2210,SHFE,0_0_     2513482,     3088996,空,平今,5060.0,3,2022-04-07 13:58:00
1198,rb2210,SHFE,0_0_     2513722,     3089220,多,平今,5059.0,3,2022-04-07 13:58:01
1199,rb2210,SHFE,0_0_     2513861,     3089762,空,开,5060.000000000001,2,2022-04-07 13:58:03
1200,rb2210,SHFE,0_0_     2513861,     3089763,空,开,5060.000000000001,1,2022-04-07 13:58:03
1201,rb2210,SHFE,0_0_     2514063,     3090735,多,平今,5059.0,3,2022-04-07 13:58:07
1202,rb2210,SHFE,0_0_     2514348,     3091106,空,开,5060.0,1,2022-04-07 13:58:08
1203,rb2210,SHFE,0_0_     2514348,     3096993,空,开,5060.0,2,2022-04-07 13:58:52
1204,rb2210,SHFE,0_0_     2521732,     3102210,多,平今,5062.0,2,2022-04-07 13:59:19
1205,rb2210,SHFE,0_0_     2522680,     3103594,空,平今,5062.0,1,2022-04-07 13:59:29
1206,rb2210,SHFE,0_0_     2524727,     3106811,多,开,5064.0,8,2022-04-07 13:59:50
1207,rb2210,SHFE,0_0_     2525025,     3110024,空,平今,5065.0,2,2022-04-07 14:00:00
1208,rb2210,SHFE,0_0_     2525025,     3110029,空,平今,5065.0,3,2022-04-07 14:00:00
1209,rb2210,SHFE,0_0_     2528640,     3114158,空,开,5062.0,2,2022-04-07 14:00:21
1210,rb2210,SHFE,0_0_     2528640,     3114692,空,开,5062.0,2,2022-04-07 14:00:24
1211,rb2210,SHFE,0_0_     2529090,     3115331,多,平今,5061.0,2,2022-04-07 14:00:29
1212,rb2210,SHFE,0_0_     2530737,     3116293,空,平今,5062.0,1,2022-04-07 14:00:38
1213,rb2210,SHFE,0_0_     2530737,     3116294,空,平今,5062.0,2,2022-04-07 14:00:38
1214,rb2210,SHFE,0_0_     2531138,     3116451,多,平今,5061.0,3,2022-04-07 14:00:39
1215,rb2210,SHFE,0_0_     2535988,     3122377,空,开,5060.0,2,2022-04-07 14:01:13
1216,rb2210,SHFE,0_0_     2535988,     3122378,空,开,5060.0,1,2022-04-07 14:01:13
1217,rb2210,SHFE,0_0_     2535988,     3122379,空,开,5060.0,1,2022-04-07 14:01:13
1218,rb2210,SHFE,0_0_     2535988,     3122459,空,开,5060.0,2,2022-04-07 14:01:13
1219,rb2210,SHFE,0_0_     2536355,     3124305,多,开,5061.0,8,2022-04-07 14:01:22
1220,rb2210,SHFE,0_0_     2538528,     3125699,空,平今,5062.0,1,2022-04-07 14:01:32
1221,rb2210,SHFE,0_0_     2538651,     3125904,多,平今,5062.0,2,2022-04-07 14:01:33
1222,rb2210,SHFE,0_0_     2543627,     3134516,多,平今,5070.0,3,2022-04-07 14:02:18
1223,rb2210,SHFE,0_0_     2543627,     3134519,多,平今,5070.0,1,2022-04-07 14:02:18
1224,rb2210,SHFE,0_0_     2543627,     3134526,多,平今,5070.0,2,2022-04-07 14:02:18
1225,rb2210,SHFE,0_0_     2544402,     3135841,多,开,5072.0,1,2022-04-07 14:02:26
1226,rb2210,SHFE,0_0_     2544464,     3135876,空,平今,5073.0,1,2022-04-07 14:02:26
1227,rb2210,SHFE,0_0_     2544884,     3136709,空,平今,5073.0,3,2022-04-07 14:02:31
1228,rb2210,SHFE,0_0_     2544884,     3136753,空,平今,5073.0,4,2022-04-07 14:02:31
1229,rb2210,SHFE,0_0_     2545218,     3137441,多,开,5072.0,4,2022-04-07 14:02:36
1230,rb2210,SHFE,0_0_     2545911,     3138820,多,开,5071.0,1,2022-04-07 14:02:43
1231,rb2210,SHFE,0_0_     2545911,     3138822,多,开,5071.0,1,2022-04-07 14:02:43
1232,rb2210,SHFE,0_0_     2545911,     3138843,多,开,5071.0,1,2022-04-07 14:02:44
1233,rb2210,SHFE,0_0_     2550696,     3144029,空,平今,5071.0,4,2022-04-07 14:03:19
1234,rb2210,SHFE,0_0_     2552213,     3149206,空,开,5070.0,6,2022-04-07 14:04:10
