,code,exchange,orderid,tradeid,direction,offset,price,volume,datetime
0,rb2210,SHFE,0_0_         421,       41218,多,开,4946.0,7,2022-04-13 21:00:18
1,rb2210,SHFE,0_0_         490,       44170,多,平昨,4948.0,3,2022-04-13 21:00:21
2,rb2210,SHFE,0_0_         678,       49737,空,平今,4947.0,1,2022-04-13 21:00:27
3,rb2210,SHFE,0_0_         678,       49770,空,平今,4947.0,1,2022-04-13 21:00:27
4,rb2210,SHFE,0_0_         784,       54106,空,平昨,4943.0,1,2022-04-13 21:00:32
5,rb2210,SHFE,0_0_         987,       60301,空,开,4942.0,2,2022-04-13 21:00:40
6,rb2210,SHFE,0_0_        1099,       63474,空,开,4943.0,1,2022-04-13 21:00:44
7,rb2210,SHFE,0_0_        1099,       63480,空,开,4943.0,1,2022-04-13 21:00:44
8,rb2210,SHFE,0_0_        1099,       63497,空,开,4943.0,1,2022-04-13 21:00:44
9,rb2210,SHFE,0_0_        1119,       63972,多,平今,4942.0,1,2022-04-13 21:00:44
10,rb2210,SHFE,0_0_        1119,       63996,多,平今,4942.0,1,2022-04-13 21:00:44
11,rb2210,SHFE,0_0_        1119,       64156,多,平今,4942.0,1,2022-04-13 21:00:45
12,rb2210,SHFE,0_0_        1143,       64179,空,平今,4943.0,1,2022-04-13 21:00:45
13,rb2210,SHFE,0_0_        1144,       64306,多,平昨,4942.0,1,2022-04-13 21:00:45
14,rb2210,SHFE,0_0_        1145,       64737,空,开,4943.0,1,2022-04-13 21:00:45
15,rb2210,SHFE,0_0_        1160,       65378,多,平昨,4942.0,1,2022-04-13 21:00:46
16,rb2210,SHFE,0_0_        1196,       66121,空,开,4943.0,1,2022-04-13 21:00:47
17,rb2210,SHFE,0_0_        1210,       68255,多,平今,4942.0,1,2022-04-13 21:00:50
18,rb2210,SHFE,0_0_        1297,       69447,空,开,4943.0,1,2022-04-13 21:00:52
19,rb2210,SHFE,0_0_        1362,       70770,空,开,4943.0,3,2022-04-13 21:00:54
20,rb2210,SHFE,0_0_        1397,       71335,多,平今,4942.0,4,2022-04-13 21:00:55
21,rb2210,SHFE,0_0_        1424,       71504,空,开,4943.0,4,2022-04-13 21:00:55
22,rb2210,SHFE,0_0_        1425,       71513,多,平今,4942.0,2,2022-04-13 21:00:55
23,rb2210,SHFE,0_0_        1425,       71515,多,平今,4942.0,1,2022-04-13 21:00:55
24,rb2210,SHFE,0_0_        1425,       71521,多,平今,4942.0,1,2022-04-13 21:00:55
25,rb2210,SHFE,0_0_        1433,       71614,空,开,4943.0,1,2022-04-13 21:00:56
26,rb2210,SHFE,0_0_        1433,       71714,空,开,4943.0,1,2022-04-13 21:00:56
27,rb2210,SHFE,0_0_        1433,       71744,空,开,4943.0,1,2022-04-13 21:00:56
28,rb2210,SHFE,0_0_        1433,       71769,空,开,4943.0,1,2022-04-13 21:00:56
29,rb2210,SHFE,0_0_        1445,       71815,多,平今,4942.0,4,2022-04-13 21:00:56
30,rb2210,SHFE,0_0_        1446,       71857,空,开,4943.0,4,2022-04-13 21:00:56
31,rb2210,SHFE,0_0_        1447,       72090,多,平今,4942.0,4,2022-04-13 21:00:56
32,rb2210,SHFE,0_0_        1471,       78519,空,开,4943.0,3,2022-04-13 21:01:05
33,rb2210,SHFE,0_0_        1818,       81775,多,平今,4945.0,1,2022-04-13 21:01:09
34,rb2210,SHFE,0_0_        1818,       81810,多,平今,4945.0,2,2022-04-13 21:01:09
35,rb2210,SHFE,0_0_        1825,       82417,空,开,4946.0,1,2022-04-13 21:01:10
36,rb2210,SHFE,0_0_        1825,       82456,空,开,4946.0,1,2022-04-13 21:01:10
37,rb2210,SHFE,0_0_        2009,       86594,多,平今,4940.0,3,2022-04-13 21:01:16
38,rb2210,SHFE,0_0_        2025,       86879,多,开,4939.0,4,2022-04-13 21:01:17
39,rb2210,SHFE,0_0_        2035,       87375,空,平今,4939.0,3,2022-04-13 21:01:17
40,rb2210,SHFE,0_0_        2036,       87662,多,开,4938.0,3,2022-04-13 21:01:18
41,rb2210,SHFE,0_0_        2055,       88071,空,平今,4939.0,3,2022-04-13 21:01:18
42,rb2210,SHFE,0_0_        2062,       88076,多,开,4938.0,3,2022-04-13 21:01:18
43,rb2210,SHFE,0_0_        2552,      103278,空,平今,4937.0,1,2022-04-13 21:01:43
44,rb2210,SHFE,0_0_        2552,      103293,空,平今,4937.0,2,2022-04-13 21:01:43
45,rb2210,SHFE,0_0_        2063,      107337,空,平今,4939.0,3,2022-04-13 21:01:51
46,rb2210,SHFE,0_0_        3532,      123286,多,平今,4947.0,2,2022-04-13 21:02:22
47,rb2210,SHFE,0_0_        4367,      135249,多,开,4951.000000000001,1,2022-04-13 21:02:43
48,rb2210,SHFE,0_0_        4373,      136326,空,平今,4952.0,1,2022-04-13 21:02:45
49,rb2210,SHFE,0_0_        4441,      136370,多,开,4951.0,1,2022-04-13 21:02:45
50,rb2210,SHFE,0_0_        4442,      137268,空,平今,4952.0,1,2022-04-13 21:02:47
51,rb2210,SHFE,0_0_        4564,      140193,多,开,4952.0,1,2022-04-13 21:02:52
52,rb2210,SHFE,0_0_        4564,      140237,多,开,4952.0,1,2022-04-13 21:02:52
53,rb2210,SHFE,0_0_        4918,      141260,空,平今,4954.0,1,2022-04-13 21:02:55
54,rb2210,SHFE,0_0_        4918,      141276,空,平今,4954.0,1,2022-04-13 21:02:55
55,rb2210,SHFE,0_0_        4955,      141669,空,开,4954.0,1,2022-04-13 21:02:56
56,rb2210,SHFE,0_0_        4955,      141680,空,开,4954.0,3,2022-04-13 21:02:56
57,rb2210,SHFE,0_0_        5115,      143158,多,平今,4953.0,2,2022-04-13 21:02:59
58,rb2210,SHFE,0_0_        5131,      144980,空,平今,4954.000000000001,1,2022-04-13 21:03:03
59,rb2210,SHFE,0_0_        5131,      145022,空,平今,4954.000000000001,1,2022-04-13 21:03:03
60,rb2210,SHFE,0_0_        5459,      146172,空,开,4952.0,3,2022-04-13 21:03:05
61,rb2210,SHFE,0_0_        5609,      147581,多,平今,4951.0,4,2022-04-13 21:03:09
62,rb2210,SHFE,0_0_        5644,      147585,空,开,4952.0,1,2022-04-13 21:03:09
63,rb2210,SHFE,0_0_        5644,      147632,空,开,4952.0,3,2022-04-13 21:03:09
64,rb2210,SHFE,0_0_        5861,      149296,多,平今,4951.0,2,2022-04-13 21:03:13
65,rb2210,SHFE,0_0_        5861,      149428,多,平今,4951.0,1,2022-04-13 21:03:14
66,rb2210,SHFE,0_0_        5923,      149434,空,开,4952.0,1,2022-04-13 21:03:14
67,rb2210,SHFE,0_0_        6804,      158060,空,开,4956.0,1,2022-04-13 21:03:34
68,rb2210,SHFE,0_0_        6804,      158061,空,开,4956.0,1,2022-04-13 21:03:34
69,rb2210,SHFE,0_0_        6814,      158123,多,平今,4955.0,2,2022-04-13 21:03:34
70,rb2210,SHFE,0_0_        6825,      158227,空,开,4956.0,2,2022-04-13 21:03:34
71,rb2210,SHFE,0_0_        6827,      158272,多,平今,4955.0,2,2022-04-13 21:03:34
72,rb2210,SHFE,0_0_        6841,      158280,空,开,4956.0,1,2022-04-13 21:03:34
73,rb2210,SHFE,0_0_        6841,      158458,空,开,4956.0,1,2022-04-13 21:03:35
74,rb2210,SHFE,0_0_        6862,      158608,空,开,4955.0,2,2022-04-13 21:03:35
75,rb2210,SHFE,0_0_        7754,      166679,空,开,4954.0,1,2022-04-13 21:03:56
76,rb2210,SHFE,0_0_        8255,      168100,多,平今,4954.0,3,2022-04-13 21:04:01
77,rb2210,SHFE,0_0_        8282,      168241,多,平今,4954.0,4,2022-04-13 21:04:01
78,rb2210,SHFE,0_0_        8805,      171107,空,开,4956.0,1,2022-04-13 21:04:09
79,rb2210,SHFE,0_0_        8849,      172305,多,开,4956.0,3,2022-04-13 21:04:13
80,rb2210,SHFE,0_0_        9062,      172894,空,平今,4957.0,1,2022-04-13 21:04:15
81,rb2210,SHFE,0_0_        9062,      172895,空,平今,4957.0,1,2022-04-13 21:04:15
82,rb2210,SHFE,0_0_        9062,      172911,空,平今,4957.0,1,2022-04-13 21:04:15
83,rb2210,SHFE,0_0_        9217,      173774,多,平今,4956.0,1,2022-04-13 21:04:18
84,rb2210,SHFE,0_0_        9397,      174533,多,开,4956.0,2,2022-04-13 21:04:20
85,rb2210,SHFE,0_0_        9397,      174545,多,开,4956.0,1,2022-04-13 21:04:20
86,rb2210,SHFE,0_0_        9646,      175153,多,开,4957.0,2,2022-04-13 21:04:23
87,rb2210,SHFE,0_0_       11399,      184378,多,开,4954.0,3,2022-04-13 21:04:51
88,rb2210,SHFE,0_0_       11569,      184815,空,平今,4954.0,1,2022-04-13 21:04:53
89,rb2210,SHFE,0_0_       11626,      188455,多,平今,4953.0,1,2022-04-13 21:05:02
90,rb2210,SHFE,0_0_       15077,      195717,空,开,4951.0,4,2022-04-13 21:05:14
91,rb2210,SHFE,0_0_       13067,      203459,空,平今,4954.0,4,2022-04-13 21:05:28
92,rb2210,SHFE,0_0_       17122,      204113,多,开,4955.0,4,2022-04-13 21:05:29
93,rb2210,SHFE,0_0_       17472,      205623,空,平今,4955.0,4,2022-04-13 21:05:32
94,rb2210,SHFE,0_0_       17542,      207132,多,平今,4954.0,3,2022-04-13 21:05:37
95,rb2210,SHFE,0_0_       17542,      209735,多,平今,4954.0,1,2022-04-13 21:05:44
96,rb2210,SHFE,0_0_       18561,      215739,多,开,4955.0,1,2022-04-13 21:06:03
97,rb2210,SHFE,0_0_       20224,      221858,空,平今,4956.0,4,2022-04-13 21:06:19
98,rb2210,SHFE,0_0_       22306,      221868,多,开,4955.0,2,2022-04-13 21:06:19
99,rb2210,SHFE,0_0_       22306,      221968,多,开,4955.0,2,2022-04-13 21:06:20
100,rb2210,SHFE,0_0_       25458,      230281,空,平今,4954.0,1,2022-04-13 21:06:46
101,rb2210,SHFE,0_0_       25458,      230282,空,平今,4954.0,1,2022-04-13 21:06:46
102,rb2210,SHFE,0_0_       25458,      230284,空,平今,4954.0,1,2022-04-13 21:06:46
103,rb2210,SHFE,0_0_       26630,      231297,多,开,4953.0,1,2022-04-13 21:06:49
104,rb2210,SHFE,0_0_       26630,      231298,多,开,4953.0,1,2022-04-13 21:06:49
105,rb2210,SHFE,0_0_       26662,      231460,空,平今,4954.0,1,2022-04-13 21:06:49
106,rb2210,SHFE,0_0_       26774,      234447,多,开,4953.0,1,2022-04-13 21:07:00
107,rb2210,SHFE,0_0_       28177,      234905,空,开,4954.0,4,2022-04-13 21:07:01
108,rb2210,SHFE,0_0_       28348,      235569,多,平今,4953.0,4,2022-04-13 21:07:02
109,rb2210,SHFE,0_0_       28666,      235776,空,开,4954.0,1,2022-04-13 21:07:03
110,rb2210,SHFE,0_0_       28666,      235796,空,开,4954.0,3,2022-04-13 21:07:03
111,rb2210,SHFE,0_0_       29888,      238650,多,平今,4955.0,2,2022-04-13 21:07:10
112,rb2210,SHFE,0_0_       29888,      238705,多,平今,4955.0,1,2022-04-13 21:07:10
113,rb2210,SHFE,0_0_       29888,      238709,多,平今,4955.0,1,2022-04-13 21:07:10
114,rb2210,SHFE,0_0_       36122,      254377,多,开,4962.0,1,2022-04-13 21:07:48
115,rb2210,SHFE,0_0_       36568,      255371,空,平今,4962.0,1,2022-04-13 21:07:51
116,rb2210,SHFE,0_0_       38225,      259646,空,开,4963.0,4,2022-04-13 21:08:02
117,rb2210,SHFE,0_0_       39074,      262925,多,平今,4961.0,1,2022-04-13 21:08:08
118,rb2210,SHFE,0_0_       39294,      262965,多,平今,4961.0,1,2022-04-13 21:08:08
119,rb2210,SHFE,0_0_       39294,      262977,多,平今,4961.0,1,2022-04-13 21:08:08
120,rb2210,SHFE,0_0_       39605,      264127,空,开,4961.0,4,2022-04-13 21:08:10
121,rb2210,SHFE,0_0_       39679,      264243,多,平今,4960.0,4,2022-04-13 21:08:11
122,rb2210,SHFE,0_0_       39751,      264301,空,开,4961.0,4,2022-04-13 21:08:11
123,rb2210,SHFE,0_0_       39828,      269034,多,平今,4960.0,4,2022-04-13 21:08:27
124,rb2210,SHFE,0_0_       41996,      269329,空,开,4961.0,4,2022-04-13 21:08:28
125,rb2210,SHFE,0_0_       42071,      269802,多,平今,4960.0,4,2022-04-13 21:08:29
126,rb2210,SHFE,0_0_       43718,      272410,空,平今,4961.0,1,2022-04-13 21:08:39
127,rb2210,SHFE,0_0_       44559,      274132,多,平今,4961.0,1,2022-04-13 21:08:49
128,rb2210,SHFE,0_0_       46061,      275097,多,开,4961.0,2,2022-04-13 21:08:51
129,rb2210,SHFE,0_0_       46410,      276447,空,平今,4962.0,1,2022-04-13 21:08:55
130,rb2210,SHFE,0_0_       46761,      276935,多,开,4961.0,1,2022-04-13 21:08:57
131,rb2210,SHFE,0_0_       49196,      282968,空,开,4968.0,4,2022-04-13 21:09:10
132,rb2210,SHFE,0_0_       49196,      283027,空,开,4968.0,1,2022-04-13 21:09:10
133,rb2210,SHFE,0_0_       49196,      283031,空,开,4968.0,1,2022-04-13 21:09:10
134,rb2210,SHFE,0_0_       49196,      283034,空,开,4968.0,1,2022-04-13 21:09:10
135,rb2210,SHFE,0_0_       49196,      283037,空,开,4968.0,1,2022-04-13 21:09:10
136,rb2210,SHFE,0_0_       49293,      283238,多,平今,4967.0,7,2022-04-13 21:09:10
137,rb2210,SHFE,0_0_       49293,      283239,多,平今,4967.0,1,2022-04-13 21:09:10
138,rb2210,SHFE,0_0_       49717,      284277,多,开,4969.0,1,2022-04-13 21:09:12
139,rb2210,SHFE,0_0_       49818,      284576,空,平今,4969.0,3,2022-04-13 21:09:13
140,rb2210,SHFE,0_0_       52891,      291040,空,平今,4969.0,2,2022-04-13 21:09:30
141,rb2210,SHFE,0_0_       54861,      294867,多,开,4968.0,8,2022-04-13 21:09:44
142,rb2210,SHFE,0_0_       55495,      295674,空,平今,4968.0,4,2022-04-13 21:09:48
143,rb2210,SHFE,0_0_       64264,      313782,空,开,4966.000000000001,2,2022-04-13 21:10:43
144,rb2210,SHFE,0_0_       66514,      316716,空,开,4965.0,1,2022-04-13 21:10:56
145,rb2210,SHFE,0_0_       73208,      325676,空,开,4965.0,2,2022-04-13 21:11:28
146,rb2210,SHFE,0_0_       84437,      343540,空,平今,4957.0,1,2022-04-13 21:12:45
147,rb2210,SHFE,0_0_       84626,      344461,多,平今,4957.000000000001,2,2022-04-13 21:12:49
148,rb2210,SHFE,0_0_       85138,      344878,多,平今,4956.0,1,2022-04-13 21:12:51
149,rb2210,SHFE,0_0_       81198,      349188,空,开,4960.0,1,2022-04-13 21:13:04
150,rb2210,SHFE,0_0_       81198,      349205,空,开,4960.0,1,2022-04-13 21:13:04
151,rb2210,SHFE,0_0_       88403,      351628,多,平今,4957.0,1,2022-04-13 21:13:11
152,rb2210,SHFE,0_0_       89150,      352198,多,平今,4957.0,1,2022-04-13 21:13:13
153,rb2210,SHFE,0_0_       89150,      352199,多,平今,4957.0,1,2022-04-13 21:13:13
154,rb2210,SHFE,0_0_       89286,      352373,空,开,4958.0,1,2022-04-13 21:13:15
155,rb2210,SHFE,0_0_       89286,      352374,空,开,4958.0,2,2022-04-13 21:13:15
156,rb2210,SHFE,0_0_       89286,      352375,空,开,4958.0,1,2022-04-13 21:13:15
157,rb2210,SHFE,0_0_       89529,      352483,多,平今,4957.000000000001,1,2022-04-13 21:13:15
158,rb2210,SHFE,0_0_       89684,      353082,空,平今,4957.0,3,2022-04-13 21:13:18
159,rb2210,SHFE,0_0_       91516,      355396,空,开,4956.0,1,2022-04-13 21:13:30
160,rb2210,SHFE,0_0_       91516,      355406,空,开,4956.0,1,2022-04-13 21:13:30
161,rb2210,SHFE,0_0_       94292,      360791,多,开,4955.0,1,2022-04-13 21:13:59
162,rb2210,SHFE,0_0_       94292,      360987,多,开,4955.0,7,2022-04-13 21:14:00
163,rb2210,SHFE,0_0_      104142,      371442,空,平今,4957.0,3,2022-04-13 21:14:41
164,rb2210,SHFE,0_0_      107395,      379058,多,平今,4957.0,3,2022-04-13 21:15:09
165,rb2210,SHFE,0_0_      112447,      384982,空,平今,4951.0,1,2022-04-13 21:15:27
166,rb2210,SHFE,0_0_      111854,      388048,空,开,4952.0,2,2022-04-13 21:15:39
167,rb2210,SHFE,0_0_      114440,      388641,多,平今,4951.0,2,2022-04-13 21:15:40
168,rb2210,SHFE,0_0_      130813,      421076,多,平今,4948.0,1,2022-04-13 21:18:20
169,rb2210,SHFE,0_0_      140333,      421452,空,开,4948.0,1,2022-04-13 21:18:22
170,rb2210,SHFE,0_0_      140170,      421933,空,开,4949.0,2,2022-04-13 21:18:24
171,rb2210,SHFE,0_0_      109796,      439884,空,开,4956.0,2,2022-04-13 21:20:04
172,rb2210,SHFE,0_0_      109796,      439885,空,开,4956.0,1,2022-04-13 21:20:04
173,rb2210,SHFE,0_0_      109139,      440960,空,平今,4957.0,3,2022-04-13 21:20:06
174,rb2210,SHFE,0_0_      109139,      440995,空,平今,4957.0,1,2022-04-13 21:20:06
175,rb2210,SHFE,0_0_      156244,      441793,多,开,4957.0,1,2022-04-13 21:20:10
176,rb2210,SHFE,0_0_      156244,      441855,多,开,4957.0,1,2022-04-13 21:20:10
177,rb2210,SHFE,0_0_      156244,      441870,多,开,4957.0,1,2022-04-13 21:20:10
178,rb2210,SHFE,0_0_      156244,      441878,多,开,4957.0,1,2022-04-13 21:20:10
179,rb2210,SHFE,0_0_      155826,      442123,多,平今,4956.0,1,2022-04-13 21:20:11
180,rb2210,SHFE,0_0_      155826,      442204,多,平今,4956.0,1,2022-04-13 21:20:12
181,rb2210,SHFE,0_0_      155826,      442206,多,平今,4956.0,1,2022-04-13 21:20:12
182,rb2210,SHFE,0_0_      157279,      442667,空,平今,4957.0,1,2022-04-13 21:20:15
183,rb2210,SHFE,0_0_      157530,      443052,多,开,4956.0,1,2022-04-13 21:20:18
184,rb2210,SHFE,0_0_      179760,      473374,空,平今,4954.0,1,2022-04-13 21:23:11
185,rb2210,SHFE,0_0_      152504,      475514,多,平今,4951.0,3,2022-04-13 21:23:20
186,rb2210,SHFE,0_0_      152504,      475515,多,平今,4951.0,1,2022-04-13 21:23:20
187,rb2210,SHFE,0_0_      184098,      477279,空,开,4950.0,4,2022-04-13 21:23:30
188,rb2210,SHFE,0_0_      188704,      481239,多,平今,4947.0,3,2022-04-13 21:23:50
189,rb2210,SHFE,0_0_      189039,      482167,空,平今,4948.0,2,2022-04-13 21:23:55
190,rb2210,SHFE,0_0_      189934,      482844,多,平今,4947.0,2,2022-04-13 21:23:58
191,rb2210,SHFE,0_0_      190668,      483836,空,开,4949.0,1,2022-04-13 21:24:02
192,rb2210,SHFE,0_0_      182705,      484692,空,开,4951.0,1,2022-04-13 21:24:04
193,rb2210,SHFE,0_0_      182705,      484695,空,开,4951.0,1,2022-04-13 21:24:04
194,rb2210,SHFE,0_0_      182705,      485768,空,开,4951.0,1,2022-04-13 21:24:10
195,rb2210,SHFE,0_0_      193172,      485977,多,平今,4950.0,1,2022-04-13 21:24:12
196,rb2210,SHFE,0_0_      194931,      487763,多,平今,4951.0,2,2022-04-13 21:24:24
197,rb2210,SHFE,0_0_      198269,      491606,多,开,4949.0,3,2022-04-13 21:24:44
198,rb2210,SHFE,0_0_      198269,      491747,多,开,4949.0,1,2022-04-13 21:24:45
199,rb2210,SHFE,0_0_      207334,      503111,空,开,4950.0,7,2022-04-13 21:25:29
200,rb2210,SHFE,0_0_      191286,      504313,多,平今,4948.0,1,2022-04-13 21:25:35
201,rb2210,SHFE,0_0_      210529,      506877,多,平今,4948.0,3,2022-04-13 21:25:48
202,rb2210,SHFE,0_0_      211791,      507188,多,平今,4948.000000000001,1,2022-04-13 21:25:51
203,rb2210,SHFE,0_0_      211436,      508397,空,平今,4949.0,2,2022-04-13 21:25:59
204,rb2210,SHFE,0_0_      217151,      514814,多,平今,4952.0,1,2022-04-13 21:26:28
205,rb2210,SHFE,0_0_      224254,      521032,多,开,4951.0,1,2022-04-13 21:27:01
206,rb2210,SHFE,0_0_      161378,      538419,空,平今,4956.0,1,2022-04-13 21:28:53
207,rb2210,SHFE,0_0_      253699,      551215,空,开,4961.0,1,2022-04-13 21:29:55
208,rb2210,SHFE,0_0_      253699,      551216,空,开,4961.0,1,2022-04-13 21:29:55
209,rb2210,SHFE,0_0_      253699,      551263,空,开,4961.0,1,2022-04-13 21:29:56
210,rb2210,SHFE,0_0_      253699,      551389,空,开,4961.0,1,2022-04-13 21:29:57
211,rb2210,SHFE,0_0_      253889,      551397,多,平今,4960.0,1,2022-04-13 21:29:57
212,rb2210,SHFE,0_0_      258831,      558578,多,平今,4957.0,2,2022-04-13 21:30:25
213,rb2210,SHFE,0_0_      258940,      574803,空,平今,4958.0,2,2022-04-13 21:31:50
214,rb2210,SHFE,0_0_      273881,      574820,多,平今,4957.0,2,2022-04-13 21:31:50
215,rb2210,SHFE,0_0_      283063,      586853,多,开,4959.0,1,2022-04-13 21:32:45
216,rb2210,SHFE,0_0_      283063,      586864,多,开,4959.0,1,2022-04-13 21:32:45
217,rb2210,SHFE,0_0_      319487,      627825,空,平今,4959.0,1,2022-04-13 21:36:53
218,rb2210,SHFE,0_0_      323008,      632970,空,开,4963.0,5,2022-04-13 21:37:20
219,rb2210,SHFE,0_0_      326840,      638939,多,平今,4968.0,1,2022-04-13 21:37:48
220,rb2210,SHFE,0_0_      326840,      638970,多,平今,4968.0,1,2022-04-13 21:37:48
221,rb2210,SHFE,0_0_      328423,      641173,空,平今,4968.0,2,2022-04-13 21:38:00
222,rb2210,SHFE,0_0_      328991,      641837,空,开,4967.0,1,2022-04-13 21:38:03
223,rb2210,SHFE,0_0_      328991,      641841,空,开,4967.0,1,2022-04-13 21:38:03
224,rb2210,SHFE,0_0_      328991,      641844,空,开,4967.0,1,2022-04-13 21:38:03
225,rb2210,SHFE,0_0_      329501,      643070,空,开,4968.0,1,2022-04-13 21:38:09
226,rb2210,SHFE,0_0_      331805,      646203,多,开,4972.0,5,2022-04-13 21:38:20
227,rb2210,SHFE,0_0_      331805,      646208,多,开,4972.0,1,2022-04-13 21:38:20
228,rb2210,SHFE,0_0_      331805,      646209,多,开,4972.0,1,2022-04-13 21:38:21
229,rb2210,SHFE,0_0_      331805,      646260,多,开,4972.0,1,2022-04-13 21:38:21
230,rb2210,SHFE,0_0_      332888,      648149,空,平今,4973.0,3,2022-04-13 21:38:27
231,rb2210,SHFE,0_0_      333753,      649509,多,平今,4974.0,5,2022-04-13 21:38:32
232,rb2210,SHFE,0_0_      333836,      649939,多,开,4974.0,3,2022-04-13 21:38:32
233,rb2210,SHFE,0_0_      331457,      655657,多,平今,4970.0,1,2022-04-13 21:38:59
234,rb2210,SHFE,0_0_      331457,      655659,多,平今,4970.0,1,2022-04-13 21:38:59
235,rb2210,SHFE,0_0_      337935,      656534,空,平今,4972.0,2,2022-04-13 21:39:03
236,rb2210,SHFE,0_0_      338037,      657246,空,开,4972.0,4,2022-04-13 21:39:05
237,rb2210,SHFE,0_0_      343384,      662892,多,平今,4972.000000000001,4,2022-04-13 21:39:41
238,rb2210,SHFE,0_0_      344146,      663832,多,开,4972.0,1,2022-04-13 21:39:49
239,rb2210,SHFE,0_0_      335086,      664532,空,平今,4974.0,4,2022-04-13 21:39:53
240,rb2210,SHFE,0_0_      344808,      665809,多,开,4973.0,4,2022-04-13 21:39:59
241,rb2210,SHFE,0_0_      345516,      667290,多,开,4973.0,1,2022-04-13 21:40:05
242,rb2210,SHFE,0_0_      347364,      668637,空,开,4972.0,1,2022-04-13 21:40:11
243,rb2210,SHFE,0_0_      347364,      668644,空,开,4972.0,2,2022-04-13 21:40:11
244,rb2210,SHFE,0_0_      348122,      670949,空,开,4972.0,4,2022-04-13 21:40:25
245,rb2210,SHFE,0_0_      349648,      671757,多,平今,4970.0,1,2022-04-13 21:40:28
246,rb2210,SHFE,0_0_      349648,      671758,多,平今,4970.0,2,2022-04-13 21:40:28
247,rb2210,SHFE,0_0_      349648,      671763,多,平今,4970.0,1,2022-04-13 21:40:28
248,rb2210,SHFE,0_0_      349648,      671764,多,平今,4970.0,1,2022-04-13 21:40:28
249,rb2210,SHFE,0_0_      349648,      671765,多,平今,4970.0,1,2022-04-13 21:40:28
250,rb2210,SHFE,0_0_      349648,      671766,多,平今,4970.0,1,2022-04-13 21:40:28
251,rb2210,SHFE,0_0_      346909,      672835,空,平今,4973.0,3,2022-04-13 21:40:35
252,rb2210,SHFE,0_0_      346909,      672836,空,平今,4973.0,1,2022-04-13 21:40:35
253,rb2210,SHFE,0_0_      350912,      673212,多,开,4972.0,2,2022-04-13 21:40:37
254,rb2210,SHFE,0_0_      350912,      673239,多,开,4972.0,2,2022-04-13 21:40:37
255,rb2210,SHFE,0_0_      353038,      675981,空,平今,4974.0,2,2022-04-13 21:40:57
256,rb2210,SHFE,0_0_      354108,      677836,空,开,4973.0,1,2022-04-13 21:41:06
257,rb2210,SHFE,0_0_      354108,      677848,空,开,4973.0,1,2022-04-13 21:41:06
258,rb2210,SHFE,0_0_      354108,      677851,空,开,4973.0,2,2022-04-13 21:41:06
259,rb2210,SHFE,0_0_      346722,      682768,空,平今,4975.0,4,2022-04-13 21:41:31
260,rb2210,SHFE,0_0_      361395,      691495,多,开,4973.0,3,2022-04-13 21:42:12
261,rb2210,SHFE,0_0_      363732,      692111,空,平今,4974.0,3,2022-04-13 21:42:15
262,rb2210,SHFE,0_0_      365595,      694362,多,平今,4973.0,3,2022-04-13 21:42:26
263,rb2210,SHFE,0_0_      365789,      694795,空,开,4974.0,6,2022-04-13 21:42:28
264,rb2210,SHFE,0_0_      366221,      695498,多,平今,4973.0,1,2022-04-13 21:42:34
265,rb2210,SHFE,0_0_      366221,      695499,多,平今,4973.0,1,2022-04-13 21:42:34
266,rb2210,SHFE,0_0_      366221,      695521,多,平今,4973.0,1,2022-04-13 21:42:35
267,rb2210,SHFE,0_0_      366221,      695564,多,平今,4973.0,2,2022-04-13 21:42:35
268,rb2210,SHFE,0_0_      366221,      695575,多,平今,4973.0,1,2022-04-13 21:42:35
269,rb2210,SHFE,0_0_      367436,      697046,空,开,4974.0,1,2022-04-13 21:42:47
270,rb2210,SHFE,0_0_      367436,      697051,空,开,4974.0,2,2022-04-13 21:42:47
271,rb2210,SHFE,0_0_      370760,      700762,多,开,4976.0,3,2022-04-13 21:43:08
272,rb2210,SHFE,0_0_      371409,      701169,空,平今,4977.0,2,2022-04-13 21:43:10
273,rb2210,SHFE,0_0_      371504,      701174,多,开,4976.0,1,2022-04-13 21:43:10
274,rb2210,SHFE,0_0_      371504,      701183,多,开,4976.0,4,2022-04-13 21:43:10
275,rb2210,SHFE,0_0_      371647,      701884,空,平今,4976.0,1,2022-04-13 21:43:14
276,rb2210,SHFE,0_0_      368840,      706340,多,平今,4973.0,4,2022-04-13 21:43:45
277,rb2210,SHFE,0_0_      375859,      706581,空,平今,4974.0,4,2022-04-13 21:43:46
278,rb2210,SHFE,0_0_      378696,      710211,多,开,4974.0,2,2022-04-13 21:44:03
279,rb2210,SHFE,0_0_      379724,      712133,空,开,4973.0,2,2022-04-13 21:44:10
280,rb2210,SHFE,0_0_      378939,      719691,空,平今,4975.0,2,2022-04-13 21:44:36
281,rb2210,SHFE,0_0_      371647,      719835,空,平今,4976.0,3,2022-04-13 21:44:36
282,rb2210,SHFE,0_0_      384074,      720768,多,开,4976.0,3,2022-04-13 21:44:40
283,rb2210,SHFE,0_0_      384074,      720771,多,开,4976.0,1,2022-04-13 21:44:40
284,rb2210,SHFE,0_0_      384525,      721269,多,开,4976.0,1,2022-04-13 21:44:42
285,rb2210,SHFE,0_0_      384525,      721320,多,开,4976.0,1,2022-04-13 21:44:43
286,rb2210,SHFE,0_0_      384525,      721340,多,开,4976.0,1,2022-04-13 21:44:43
287,rb2210,SHFE,0_0_      385811,      722641,空,平今,4977.0,4,2022-04-13 21:44:49
288,rb2210,SHFE,0_0_      385904,      723050,空,平今,4977.000000000001,2,2022-04-13 21:44:50
289,rb2210,SHFE,0_0_      386121,      723565,多,开,4976.0,3,2022-04-13 21:44:53
290,rb2210,SHFE,0_0_      386500,      724502,空,平今,4977.0,4,2022-04-13 21:44:58
291,rb2210,SHFE,0_0_      387795,      725457,多,开,4977.0,4,2022-04-13 21:45:01
292,rb2210,SHFE,0_0_      388745,      728157,空,平今,4975.0,2,2022-04-13 21:45:09
293,rb2210,SHFE,0_0_      390924,      730650,空,开,4973.0,1,2022-04-13 21:45:17
294,rb2210,SHFE,0_0_      390924,      730652,空,开,4973.0,1,2022-04-13 21:45:17
295,rb2210,SHFE,0_0_      390924,      730659,空,开,4973.0,1,2022-04-13 21:45:17
296,rb2210,SHFE,0_0_      390924,      730661,空,开,4973.0,1,2022-04-13 21:45:17
297,rb2210,SHFE,0_0_      390924,      730666,空,开,4973.0,1,2022-04-13 21:45:17
298,rb2210,SHFE,0_0_      380640,      730798,多,平今,4972.0,2,2022-04-13 21:45:17
299,rb2210,SHFE,0_0_      391264,      731825,多,平今,4971.0,2,2022-04-13 21:45:20
300,rb2210,SHFE,0_0_      394999,      739882,空,开,4973.0,4,2022-04-13 21:45:44
301,rb2210,SHFE,0_0_      396582,      740282,多,平今,4972.0,2,2022-04-13 21:45:45
302,rb2210,SHFE,0_0_      396582,      740336,多,平今,4972.0,1,2022-04-13 21:45:45
303,rb2210,SHFE,0_0_      396582,      740340,多,平今,4972.0,1,2022-04-13 21:45:45
304,rb2210,SHFE,0_0_      396786,      740369,空,开,4973.0,4,2022-04-13 21:45:45
305,rb2210,SHFE,0_0_      330715,      749963,多,平今,4968.0,1,2022-04-13 21:46:22
306,rb2210,SHFE,0_0_      403840,      750162,空,平今,4969.0,1,2022-04-13 21:46:22
307,rb2210,SHFE,0_0_      404211,      751290,空,平今,4969.0,1,2022-04-13 21:46:27
308,rb2210,SHFE,0_0_      404376,      751295,空,开,4969.0,1,2022-04-13 21:46:27
309,rb2210,SHFE,0_0_      405646,      752402,多,平今,4970.0,3,2022-04-13 21:46:32
310,rb2210,SHFE,0_0_      404912,      760149,多,平今,4969.0,1,2022-04-13 21:47:15
311,rb2210,SHFE,0_0_      404912,      760230,多,平今,4969.0,3,2022-04-13 21:47:16
312,rb2210,SHFE,0_0_      416261,      763703,空,开,4968.0,4,2022-04-13 21:47:40
313,rb2210,SHFE,0_0_      417149,      763888,多,开,4968.0,8,2022-04-13 21:47:40
314,rb2210,SHFE,0_0_      417355,      764585,空,平今,4969.0,2,2022-04-13 21:47:42
315,rb2210,SHFE,0_0_      417355,      764586,空,平今,4969.0,2,2022-04-13 21:47:42
316,rb2210,SHFE,0_0_      413364,      764621,空,开,4970.0,3,2022-04-13 21:47:42
317,rb2210,SHFE,0_0_      417410,      764846,多,平今,4969.0,3,2022-04-13 21:47:43
318,rb2210,SHFE,0_0_      425379,      793310,多,平今,4970.0,2,2022-04-13 21:50:36
319,rb2210,SHFE,0_0_      443310,      793339,空,开,4971.0,2,2022-04-13 21:50:36
320,rb2210,SHFE,0_0_      443310,      793341,空,开,4971.0,1,2022-04-13 21:50:36
321,rb2210,SHFE,0_0_      443310,      793343,空,开,4971.0,1,2022-04-13 21:50:36
322,rb2210,SHFE,0_0_      443310,      793344,空,开,4971.0,1,2022-04-13 21:50:36
323,rb2210,SHFE,0_0_      443180,      797273,空,平今,4972.0,4,2022-04-13 21:51:03
324,rb2210,SHFE,0_0_      446965,      798057,多,平今,4971.0,1,2022-04-13 21:51:08
325,rb2210,SHFE,0_0_      446965,      798103,多,平今,4971.0,1,2022-04-13 21:51:09
326,rb2210,SHFE,0_0_      446965,      798110,多,平今,4971.0,1,2022-04-13 21:51:09
327,rb2210,SHFE,0_0_      448484,      798865,多,开,4972.0,1,2022-04-13 21:51:18
328,rb2210,SHFE,0_0_      448484,      798866,多,开,4972.0,5,2022-04-13 21:51:18
329,rb2210,SHFE,0_0_      448837,      800069,空,平今,4973.0,1,2022-04-13 21:51:25
330,rb2210,SHFE,0_0_      448837,      800070,空,平今,4973.0,3,2022-04-13 21:51:25
331,rb2210,SHFE,0_0_      456215,      807437,空,平今,4976.000000000001,1,2022-04-13 21:52:17
332,rb2210,SHFE,0_0_      459921,      812193,多,开,4976.0,2,2022-04-13 21:52:41
333,rb2210,SHFE,0_0_      461051,      813909,空,平今,4977.0,1,2022-04-13 21:52:57
334,rb2210,SHFE,0_0_      461649,      814415,空,平今,4977.0,1,2022-04-13 21:53:01
335,rb2210,SHFE,0_0_      465728,      820371,多,平今,4981.0,1,2022-04-13 21:53:28
336,rb2210,SHFE,0_0_      465728,      820372,多,平今,4981.0,1,2022-04-13 21:53:28
337,rb2210,SHFE,0_0_      465728,      820373,多,平今,4981.0,1,2022-04-13 21:53:28
338,rb2210,SHFE,0_0_      465728,      820376,多,平今,4981.0,1,2022-04-13 21:53:28
339,rb2210,SHFE,0_0_      465954,      820827,空,开,4982.0,2,2022-04-13 21:53:29
340,rb2210,SHFE,0_0_      466077,      821399,多,平今,4981.000000000001,2,2022-04-13 21:53:32
341,rb2210,SHFE,0_0_      466484,      822954,空,开,4982.0,1,2022-04-13 21:53:40
342,rb2210,SHFE,0_0_      466484,      822955,空,开,4982.0,2,2022-04-13 21:53:40
343,rb2210,SHFE,0_0_      467621,      823052,多,平今,4981.0,1,2022-04-13 21:53:41
344,rb2210,SHFE,0_0_      467621,      823066,多,平今,4981.0,1,2022-04-13 21:53:41
345,rb2210,SHFE,0_0_      467621,      823082,多,平今,4981.0,1,2022-04-13 21:53:41
346,rb2210,SHFE,0_0_      467917,      823449,空,开,4981.0,2,2022-04-13 21:53:44
347,rb2210,SHFE,0_0_      467917,      823495,空,开,4981.0,1,2022-04-13 21:53:44
348,rb2210,SHFE,0_0_      467917,      823513,空,开,4981.0,1,2022-04-13 21:53:44
349,rb2210,SHFE,0_0_      468016,      823627,空,开,4981.0,2,2022-04-13 21:53:45
350,rb2210,SHFE,0_0_      468295,      824142,空,平今,4981.0,1,2022-04-13 21:53:48
351,rb2210,SHFE,0_0_      469663,      826075,多,平今,4981.0,1,2022-04-13 21:54:01
352,rb2210,SHFE,0_0_      469663,      826076,多,平今,4981.0,1,2022-04-13 21:54:01
353,rb2210,SHFE,0_0_      469663,      826082,多,平今,4981.0,1,2022-04-13 21:54:01
354,rb2210,SHFE,0_0_      469663,      826110,多,平今,4981.0,1,2022-04-13 21:54:01
355,rb2210,SHFE,0_0_      468361,      827406,多,平今,4980.0,1,2022-04-13 21:54:09
356,rb2210,SHFE,0_0_      470775,      827499,多,开,4981.0,1,2022-04-13 21:54:09
357,rb2210,SHFE,0_0_      470775,      827500,多,开,4981.0,1,2022-04-13 21:54:09
358,rb2210,SHFE,0_0_      470775,      827501,多,开,4981.0,1,2022-04-13 21:54:09
359,rb2210,SHFE,0_0_      470775,      827507,多,开,4981.0,1,2022-04-13 21:54:09
360,rb2210,SHFE,0_0_      471224,      828233,空,平今,4982.0,2,2022-04-13 21:54:13
361,rb2210,SHFE,0_0_      472564,      830016,多,开,4982.0,1,2022-04-13 21:54:25
362,rb2210,SHFE,0_0_      472564,      830030,多,开,4982.0,1,2022-04-13 21:54:26
363,rb2210,SHFE,0_0_      472564,      830039,多,开,4982.0,1,2022-04-13 21:54:26
364,rb2210,SHFE,0_0_      472564,      830044,多,开,4982.0,1,2022-04-13 21:54:26
365,rb2210,SHFE,0_0_      471455,      830528,多,平今,4981.0,1,2022-04-13 21:54:29
366,rb2210,SHFE,0_0_      472916,      830989,空,平今,4982.0,2,2022-04-13 21:54:31
367,rb2210,SHFE,0_0_      472916,      830990,空,平今,4982.0,3,2022-04-13 21:54:31
368,rb2210,SHFE,0_0_      475169,      833865,多,开,4983.0,1,2022-04-13 21:54:52
369,rb2210,SHFE,0_0_      477088,      837118,空,平今,4984.0,1,2022-04-13 21:55:08
370,rb2210,SHFE,0_0_      479426,      841884,多,平今,4988.000000000001,1,2022-04-13 21:55:27
371,rb2210,SHFE,0_0_      480014,      844033,空,开,4990.0,8,2022-04-13 21:55:34
372,rb2210,SHFE,0_0_      480286,      844752,多,平今,4990.0,4,2022-04-13 21:55:37
373,rb2210,SHFE,0_0_      480346,      844853,空,开,4991.000000000001,4,2022-04-13 21:55:37
374,rb2210,SHFE,0_0_      480355,      844884,多,平今,4990.0,1,2022-04-13 21:55:37
375,rb2210,SHFE,0_0_      480355,      844887,多,平今,4990.0,1,2022-04-13 21:55:37
376,rb2210,SHFE,0_0_      480355,      844909,多,平今,4990.0,2,2022-04-13 21:55:37
377,rb2210,SHFE,0_0_      480417,      844913,空,开,4991.0,2,2022-04-13 21:55:37
378,rb2210,SHFE,0_0_      480417,      844914,空,开,4991.0,1,2022-04-13 21:55:37
379,rb2210,SHFE,0_0_      480417,      844925,空,开,4991.0,1,2022-04-13 21:55:37
380,rb2210,SHFE,0_0_      480418,      845076,多,平今,4990.0,1,2022-04-13 21:55:38
381,rb2210,SHFE,0_0_      480418,      845088,多,平今,4990.0,3,2022-04-13 21:55:38
382,rb2210,SHFE,0_0_      480426,      845092,多,平今,4990.0,4,2022-04-13 21:55:38
383,rb2210,SHFE,0_0_      480546,      845128,空,开,4991.0,8,2022-04-13 21:55:38
384,rb2210,SHFE,0_0_      480548,      845343,多,平今,4990.0,1,2022-04-13 21:55:39
385,rb2210,SHFE,0_0_      480548,      845344,多,平今,4990.0,1,2022-04-13 21:55:39
386,rb2210,SHFE,0_0_      480548,      845345,多,平今,4990.0,1,2022-04-13 21:55:39
387,rb2210,SHFE,0_0_      480548,      845346,多,平今,4990.0,1,2022-04-13 21:55:39
388,rb2210,SHFE,0_0_      480548,      845413,多,平今,4990.0,1,2022-04-13 21:55:39
389,rb2210,SHFE,0_0_      480548,      845417,多,平今,4990.0,1,2022-04-13 21:55:39
390,rb2210,SHFE,0_0_      480548,      845418,多,平今,4990.0,1,2022-04-13 21:55:39
391,rb2210,SHFE,0_0_      480548,      845423,多,平今,4990.0,1,2022-04-13 21:55:39
392,rb2210,SHFE,0_0_      480630,      845483,空,开,4991.0,4,2022-04-13 21:55:39
393,rb2210,SHFE,0_0_      482156,      848954,多,平今,4989.0,4,2022-04-13 21:55:56
394,rb2210,SHFE,0_0_      482626,      849630,多,开,4990.0,3,2022-04-13 21:55:59
395,rb2210,SHFE,0_0_      482811,      850349,多,开,4991.0,1,2022-04-13 21:56:02
396,rb2210,SHFE,0_0_      483173,      850608,空,平今,4991.0,4,2022-04-13 21:56:03
397,rb2210,SHFE,0_0_      483252,      851270,空,平今,4991.0,1,2022-04-13 21:56:06
398,rb2210,SHFE,0_0_      483419,      851317,多,开,4990.0,1,2022-04-13 21:56:06
399,rb2210,SHFE,0_0_      483427,      851385,空,平今,4991.000000000001,1,2022-04-13 21:56:06
400,rb2210,SHFE,0_0_      483430,      851401,多,开,4990.0,1,2022-04-13 21:56:06
401,rb2210,SHFE,0_0_      483431,      851452,空,平今,4991.0,1,2022-04-13 21:56:06
402,rb2210,SHFE,0_0_      483432,      851575,多,开,4990.0,1,2022-04-13 21:56:07
403,rb2210,SHFE,0_0_      483432,      851576,多,开,4990.0,1,2022-04-13 21:56:07
404,rb2210,SHFE,0_0_      483432,      851619,多,开,4990.0,1,2022-04-13 21:56:07
405,rb2210,SHFE,0_0_      483432,      851634,多,开,4990.0,1,2022-04-13 21:56:07
406,rb2210,SHFE,0_0_      483497,      858459,空,平今,4991.0,4,2022-04-13 21:56:39
407,rb2210,SHFE,0_0_      488079,      858658,多,开,4990.0,1,2022-04-13 21:56:40
408,rb2210,SHFE,0_0_      488079,      858694,多,开,4990.0,1,2022-04-13 21:56:40
409,rb2210,SHFE,0_0_      488079,      858820,多,开,4990.0,1,2022-04-13 21:56:40
410,rb2210,SHFE,0_0_      488079,      858850,多,开,4990.0,1,2022-04-13 21:56:40
411,rb2210,SHFE,0_0_      488822,      861417,空,开,4991.0,5,2022-04-13 21:56:58
412,rb2210,SHFE,0_0_      488822,      861418,空,开,4991.0,1,2022-04-13 21:56:58
413,rb2210,SHFE,0_0_      489737,      861443,多,平今,4990.0,1,2022-04-13 21:56:58
414,rb2210,SHFE,0_0_      489737,      861444,多,平今,4990.0,5,2022-04-13 21:56:58
415,rb2210,SHFE,0_0_      489751,      861818,空,开,4991.0,1,2022-04-13 21:57:01
416,rb2210,SHFE,0_0_      489751,      861819,空,开,4991.0,7,2022-04-13 21:57:01
417,rb2210,SHFE,0_0_      490095,      862048,多,平今,4991.0,3,2022-04-13 21:57:03
418,rb2210,SHFE,0_0_      489946,      862162,多,平今,4990.0,4,2022-04-13 21:57:04
419,rb2210,SHFE,0_0_      490285,      863050,空,平今,4991.0,3,2022-04-13 21:57:08
420,rb2210,SHFE,0_0_      495130,      872403,多,开,4986.0,4,2022-04-13 21:57:59
421,rb2210,SHFE,0_0_      495255,      872644,空,平今,4987.0,3,2022-04-13 21:58:01
422,rb2210,SHFE,0_0_      495255,      872645,空,平今,4987.0,1,2022-04-13 21:58:01
423,rb2210,SHFE,0_0_      495452,      872979,空,开,4987.0,1,2022-04-13 21:58:02
424,rb2210,SHFE,0_0_      495638,      873417,空,开,4987.0,3,2022-04-13 21:58:04
425,rb2210,SHFE,0_0_      477740,      874173,多,开,4984.0,2,2022-04-13 21:58:09
426,rb2210,SHFE,0_0_      496860,      874947,多,平今,4985.0,1,2022-04-13 21:58:14
427,rb2210,SHFE,0_0_      496186,      875764,空,开,4986.0,1,2022-04-13 21:58:19
428,rb2210,SHFE,0_0_      497811,      876051,多,平今,4986.0,1,2022-04-13 21:58:20
429,rb2210,SHFE,0_0_      497796,      877544,多,平今,4985.0,1,2022-04-13 21:58:32
430,rb2210,SHFE,0_0_      499571,      877551,空,开,4986.0,1,2022-04-13 21:58:32
431,rb2210,SHFE,0_0_      499571,      877591,空,开,4986.0,4,2022-04-13 21:58:32
432,rb2210,SHFE,0_0_      499596,      877645,多,平今,4985.000000000001,4,2022-04-13 21:58:32
433,rb2210,SHFE,0_0_      499603,      877787,空,开,4986.0,4,2022-04-13 21:58:34
434,rb2210,SHFE,0_0_      499737,      877848,多,平今,4985.0,4,2022-04-13 21:58:34
435,rb2210,SHFE,0_0_      500431,      880521,空,开,4987.0,4,2022-04-13 21:59:01
436,rb2210,SHFE,0_0_      491051,      884749,空,平今,4989.0,1,2022-04-13 21:59:34
437,rb2210,SHFE,0_0_      505933,      884821,多,平今,4988.0,3,2022-04-13 21:59:34
438,rb2210,SHFE,0_0_      506048,      885113,多,平今,4988.0,4,2022-04-13 21:59:36
439,rb2210,SHFE,0_0_      506237,      885310,空,开,4989.0,1,2022-04-13 21:59:38
440,rb2210,SHFE,0_0_      506237,      885374,空,开,4989.0,2,2022-04-13 21:59:39
441,rb2210,SHFE,0_0_      506767,      885723,多,开,4989.0,4,2022-04-13 21:59:42
442,rb2210,SHFE,0_0_      507014,      886044,多,平今,4989.0,3,2022-04-13 21:59:44
443,rb2210,SHFE,0_0_      507369,      887176,多,开,4990.0,1,2022-04-13 21:59:52
444,rb2210,SHFE,0_0_      508890,      891205,空,平今,4992.0,1,2022-04-13 22:00:03
445,rb2210,SHFE,0_0_      508890,      891214,空,平今,4992.0,1,2022-04-13 22:00:03
446,rb2210,SHFE,0_0_      508890,      891216,空,平今,4992.0,3,2022-04-13 22:00:03
447,rb2210,SHFE,0_0_      508890,      891218,空,平今,4992.0,1,2022-04-13 22:00:03
448,rb2210,SHFE,0_0_      509054,      891329,多,开,4991.0,4,2022-04-13 22:00:04
449,rb2210,SHFE,0_0_      509339,      891777,多,开,4990.0,1,2022-04-13 22:00:05
450,rb2210,SHFE,0_0_      509449,      892341,空,开,4991.0,7,2022-04-13 22:00:06
451,rb2210,SHFE,0_0_      509687,      892346,多,平今,4990.0,1,2022-04-13 22:00:06
452,rb2210,SHFE,0_0_      509687,      892362,多,平今,4990.0,6,2022-04-13 22:00:06
453,rb2210,SHFE,0_0_      509698,      894233,空,开,4991.0,5,2022-04-13 22:00:16
454,rb2210,SHFE,0_0_      509698,      894235,空,开,4991.0,2,2022-04-13 22:00:16
455,rb2210,SHFE,0_0_      511821,      894958,多,平今,4992.0,4,2022-04-13 22:00:20
456,rb2210,SHFE,0_0_      506455,      900203,多,平今,4988.0,1,2022-04-13 22:00:59
457,rb2210,SHFE,0_0_      515626,      900795,空,开,4991.0,3,2022-04-13 22:01:02
458,rb2210,SHFE,0_0_      517287,      901069,多,平今,4990.0,4,2022-04-13 22:01:02
459,rb2210,SHFE,0_0_      519480,      902925,多,平今,4989.0,1,2022-04-13 22:01:16
460,rb2210,SHFE,0_0_      520544,      904004,多,开,4989.0,1,2022-04-13 22:01:25
461,rb2210,SHFE,0_0_      520544,      904005,多,开,4989.0,1,2022-04-13 22:01:25
462,rb2210,SHFE,0_0_      523877,      907186,空,开,4989.0,4,2022-04-13 22:01:54
463,rb2210,SHFE,0_0_      524787,      908741,多,平今,4991.0,4,2022-04-13 22:02:02
464,rb2210,SHFE,0_0_      524787,      908743,多,平今,4991.0,1,2022-04-13 22:02:02
465,rb2210,SHFE,0_0_      512985,      908788,空,平今,4992.0,6,2022-04-13 22:02:02
466,rb2210,SHFE,0_0_      525240,      909120,多,开,4992.0,2,2022-04-13 22:02:04
467,rb2210,SHFE,0_0_      525240,      909125,多,开,4992.0,1,2022-04-13 22:02:04
468,rb2210,SHFE,0_0_      525240,      909167,多,开,4992.0,1,2022-04-13 22:02:04
469,rb2210,SHFE,0_0_      525240,      909176,多,开,4992.0,1,2022-04-13 22:02:04
470,rb2210,SHFE,0_0_      525240,      909188,多,开,4992.0,1,2022-04-13 22:02:05
471,rb2210,SHFE,0_0_      526972,      911632,空,开,4992.0,1,2022-04-13 22:02:18
472,rb2210,SHFE,0_0_      526972,      911633,空,开,4992.0,4,2022-04-13 22:02:18
473,rb2210,SHFE,0_0_      526972,      911652,空,开,4992.0,1,2022-04-13 22:02:18
474,rb2210,SHFE,0_0_      526972,      911653,空,开,4992.0,1,2022-04-13 22:02:18
475,rb2210,SHFE,0_0_      526972,      911656,空,开,4992.0,1,2022-04-13 22:02:18
476,rb2210,SHFE,0_0_      526687,      911903,空,平今,4993.0,3,2022-04-13 22:02:22
477,rb2210,SHFE,0_0_      526687,      911906,空,平今,4993.0,1,2022-04-13 22:02:22
478,rb2210,SHFE,0_0_      527587,      912840,多,平今,4992.0,4,2022-04-13 22:02:31
479,rb2210,SHFE,0_0_      528117,      913610,多,平今,4992.0,1,2022-04-13 22:02:38
480,rb2210,SHFE,0_0_      528673,      913643,多,平今,4993.0,1,2022-04-13 22:02:38
481,rb2210,SHFE,0_0_      528713,      913672,多,开,4993.0,3,2022-04-13 22:02:39
482,rb2210,SHFE,0_0_      528807,      913990,空,平今,4994.0,1,2022-04-13 22:02:41
483,rb2210,SHFE,0_0_      528990,      914299,空,平今,4994.0,1,2022-04-13 22:02:43
484,rb2210,SHFE,0_0_      528990,      914301,空,平今,4994.0,1,2022-04-13 22:02:43
485,rb2210,SHFE,0_0_      528990,      914302,空,平今,4994.0,4,2022-04-13 22:02:43
486,rb2210,SHFE,0_0_      528924,      914351,多,平今,4993.0,1,2022-04-13 22:02:43
487,rb2210,SHFE,0_0_      529012,      914368,空,开,4994.0,1,2022-04-13 22:02:43
488,rb2210,SHFE,0_0_      529012,      914377,空,开,4994.0,1,2022-04-13 22:02:43
489,rb2210,SHFE,0_0_      529012,      914378,空,开,4994.0,1,2022-04-13 22:02:43
490,rb2210,SHFE,0_0_      529012,      914380,空,开,4994.0,1,2022-04-13 22:02:43
491,rb2210,SHFE,0_0_      529015,      914712,多,开,4993.0,4,2022-04-13 22:02:46
492,rb2210,SHFE,0_0_      529037,      914714,多,平今,4993.0,4,2022-04-13 22:02:46
493,rb2210,SHFE,0_0_      529199,      915010,空,平今,4994.0,1,2022-04-13 22:02:49
494,rb2210,SHFE,0_0_      529270,      915013,空,开,4994.0,4,2022-04-13 22:02:49
495,rb2210,SHFE,0_0_      529669,      915353,空,平今,4993.0,1,2022-04-13 22:02:51
496,rb2210,SHFE,0_0_      529878,      915371,多,平今,4993.0,1,2022-04-13 22:02:51
497,rb2210,SHFE,0_0_      529879,      917846,空,平今,4994.0,1,2022-04-13 22:03:05
498,rb2210,SHFE,0_0_      530384,      917861,空,开,4994.0,4,2022-04-13 22:03:05
499,rb2210,SHFE,0_0_      532307,      918155,多,平今,4993.0,1,2022-04-13 22:03:08
500,rb2210,SHFE,0_0_      532307,      918158,多,平今,4993.0,1,2022-04-13 22:03:08
501,rb2210,SHFE,0_0_      532307,      918162,多,平今,4993.0,1,2022-04-13 22:03:08
502,rb2210,SHFE,0_0_      532307,      918173,多,平今,4993.0,2,2022-04-13 22:03:08
503,rb2210,SHFE,0_0_      542263,      930183,空,平今,4991.0,1,2022-04-13 22:04:33
504,rb2210,SHFE,0_0_      544491,      932547,多,平今,4990.0,2,2022-04-13 22:04:55
505,rb2210,SHFE,0_0_      546465,      932642,空,开,4991.0,1,2022-04-13 22:04:56
506,rb2210,SHFE,0_0_      546465,      932667,空,开,4991.0,2,2022-04-13 22:04:56
507,rb2210,SHFE,0_0_      533068,      934690,空,开,4993.0,2,2022-04-13 22:05:11
508,rb2210,SHFE,0_0_      551385,      938069,空,开,4993.0,2,2022-04-13 22:05:33
509,rb2210,SHFE,0_0_      552805,      938851,多,平今,4993.0,4,2022-04-13 22:05:40
510,rb2210,SHFE,0_0_      553596,      939790,空,开,4992.0,4,2022-04-13 22:05:47
511,rb2210,SHFE,0_0_      553907,      940045,多,平今,4992.0,1,2022-04-13 22:05:49
512,rb2210,SHFE,0_0_      553907,      940049,多,平今,4992.0,2,2022-04-13 22:05:49
513,rb2210,SHFE,0_0_      553907,      940073,多,平今,4992.0,1,2022-04-13 22:05:50
514,rb2210,SHFE,0_0_      555705,      941952,多,开,4993.0,2,2022-04-13 22:06:01
515,rb2210,SHFE,0_0_      555973,      942216,多,开,4993.0,6,2022-04-13 22:06:02
516,rb2210,SHFE,0_0_      553976,      942433,多,平今,4992.0,4,2022-04-13 22:06:05
517,rb2210,SHFE,0_0_      556357,      942551,空,平今,4993.0,2,2022-04-13 22:06:05
518,rb2210,SHFE,0_0_      556396,      943377,空,开,4993.0,8,2022-04-13 22:06:10
519,rb2210,SHFE,0_0_      557292,      943607,多,平今,4992.0,4,2022-04-13 22:06:12
520,rb2210,SHFE,0_0_      560332,      946081,空,平今,4990.0,4,2022-04-13 22:06:36
521,rb2210,SHFE,0_0_      560647,      946545,多,开,4989.0,1,2022-04-13 22:06:42
522,rb2210,SHFE,0_0_      560647,      946553,多,开,4989.0,1,2022-04-13 22:06:42
523,rb2210,SHFE,0_0_      560647,      946598,多,开,4989.0,1,2022-04-13 22:06:42
524,rb2210,SHFE,0_0_      564123,      950628,空,平今,4983.0,2,2022-04-13 22:07:06
525,rb2210,SHFE,0_0_      567061,      955522,空,开,4983.0,4,2022-04-13 22:07:38
526,rb2210,SHFE,0_0_      569036,      958994,多,平今,4982.0,4,2022-04-13 22:08:09
527,rb2210,SHFE,0_0_      569274,      959232,空,开,4982.0,3,2022-04-13 22:08:11
528,rb2210,SHFE,0_0_      569274,      959267,空,开,4982.0,1,2022-04-13 22:08:12
529,rb2210,SHFE,0_0_      570335,      961465,多,平今,4979.0,2,2022-04-13 22:08:24
530,rb2210,SHFE,0_0_      573425,      965632,空,平今,4979.0,3,2022-04-13 22:08:51
531,rb2210,SHFE,0_0_      574652,      969049,多,平今,4978.0,1,2022-04-13 22:09:12
532,rb2210,SHFE,0_0_      576159,      969264,空,开,4978.0,1,2022-04-13 22:09:14
533,rb2210,SHFE,0_0_      576698,      969987,空,开,4978.0,1,2022-04-13 22:09:21
534,rb2210,SHFE,0_0_      577684,      971237,多,平今,4977.0,1,2022-04-13 22:09:30
535,rb2210,SHFE,0_0_      577684,      971249,多,平今,4977.0,2,2022-04-13 22:09:30
536,rb2210,SHFE,0_0_      577684,      971250,多,平今,4977.0,1,2022-04-13 22:09:30
537,rb2210,SHFE,0_0_      579010,      972654,空,开,4977.0,1,2022-04-13 22:09:42
538,rb2210,SHFE,0_0_      579010,      972657,空,开,4977.0,2,2022-04-13 22:09:42
539,rb2210,SHFE,0_0_      579010,      972666,空,开,4977.0,1,2022-04-13 22:09:42
540,rb2210,SHFE,0_0_      579201,      972907,多,平今,4978.0,1,2022-04-13 22:09:44
541,rb2210,SHFE,0_0_      579201,      972917,多,平今,4978.0,2,2022-04-13 22:09:44
542,rb2210,SHFE,0_0_      579200,      973368,多,平今,4977.0,4,2022-04-13 22:09:47
543,rb2210,SHFE,0_0_      579572,      973373,空,开,4978.0,1,2022-04-13 22:09:47
544,rb2210,SHFE,0_0_      579572,      973376,空,开,4978.0,3,2022-04-13 22:09:47
545,rb2210,SHFE,0_0_      589944,      985334,空,开,4979.0,4,2022-04-13 22:11:11
546,rb2210,SHFE,0_0_      595542,      990176,多,平今,4981.0,2,2022-04-13 22:12:03
547,rb2210,SHFE,0_0_      602325,      996725,多,开,4981.0,1,2022-04-13 22:13:16
548,rb2210,SHFE,0_0_      602325,      996735,多,开,4981.0,3,2022-04-13 22:13:16
549,rb2210,SHFE,0_0_      602771,      996774,空,平今,4982.0,4,2022-04-13 22:13:17
550,rb2210,SHFE,0_0_      602793,      996957,多,开,4981.0,4,2022-04-13 22:13:18
551,rb2210,SHFE,0_0_      602872,      997789,空,平今,4982.0,1,2022-04-13 22:13:22
552,rb2210,SHFE,0_0_      602872,      997792,空,平今,4982.0,1,2022-04-13 22:13:22
553,rb2210,SHFE,0_0_      602872,      997794,空,平今,4982.0,1,2022-04-13 22:13:22
554,rb2210,SHFE,0_0_      602872,      997795,空,平今,4982.0,1,2022-04-13 22:13:22
555,rb2210,SHFE,0_0_      603277,      998512,多,开,4981.0,4,2022-04-13 22:13:27
556,rb2210,SHFE,0_0_      579579,     1006082,多,平今,4977.0,4,2022-04-13 22:14:19
557,rb2210,SHFE,0_0_      611576,     1008812,空,开,4975.0,1,2022-04-13 22:14:33
558,rb2210,SHFE,0_0_      611936,     1009252,空,开,4975.0,1,2022-04-13 22:14:35
559,rb2210,SHFE,0_0_      611946,     1009623,多,平今,4974.0,1,2022-04-13 22:14:37
560,rb2210,SHFE,0_0_      611946,     1009654,多,平今,4974.0,2,2022-04-13 22:14:38
561,rb2210,SHFE,0_0_      609808,     1010765,空,开,4977.0,1,2022-04-13 22:14:42
562,rb2210,SHFE,0_0_      613150,     1010928,空,开,4977.0,1,2022-04-13 22:14:42
563,rb2210,SHFE,0_0_      613150,     1010945,空,开,4977.0,3,2022-04-13 22:14:42
564,rb2210,SHFE,0_0_      613927,     1011831,多,平今,4976.0,1,2022-04-13 22:14:50
565,rb2210,SHFE,0_0_      614276,     1012442,多,平今,4976.000000000001,1,2022-04-13 22:14:55
566,rb2210,SHFE,0_0_      618897,     1016993,多,平今,4975.0,4,2022-04-13 22:15:28
567,rb2210,SHFE,0_0_      620791,     1019836,空,开,4975.0,4,2022-04-13 22:15:43
568,rb2210,SHFE,0_0_      621447,     1020178,空,开,4975.0,4,2022-04-13 22:15:44
569,rb2210,SHFE,0_0_      621771,     1023055,多,平今,4974.0,4,2022-04-13 22:16:04
570,rb2210,SHFE,0_0_      627585,     1026913,多,开,4979.0,2,2022-04-13 22:16:31
571,rb2210,SHFE,0_0_      626879,     1027686,多,平今,4978.0,4,2022-04-13 22:16:37
572,rb2210,SHFE,0_0_      628195,     1028753,空,开,4979.0,3,2022-04-13 22:16:46
573,rb2210,SHFE,0_0_      628195,     1028754,空,开,4979.0,2,2022-04-13 22:16:46
574,rb2210,SHFE,0_0_      628195,     1028755,空,开,4979.0,3,2022-04-13 22:16:46
575,rb2210,SHFE,0_0_      630705,     1030412,多,平今,4980.0,1,2022-04-13 22:17:04
576,rb2210,SHFE,0_0_      630705,     1030413,多,平今,4980.0,3,2022-04-13 22:17:04
577,rb2210,SHFE,0_0_      630705,     1030414,多,平今,4980.0,2,2022-04-13 22:17:04
578,rb2210,SHFE,0_0_      604612,     1031890,空,平今,4982.0,4,2022-04-13 22:17:14
579,rb2210,SHFE,0_0_      633612,     1033186,多,开,4981.0,4,2022-04-13 22:17:25
580,rb2210,SHFE,0_0_      641747,     1041198,空,平今,4980.0,6,2022-04-13 22:18:45
581,rb2210,SHFE,0_0_      642265,     1041402,多,开,4979.0,4,2022-04-13 22:18:47
582,rb2210,SHFE,0_0_      642412,     1041426,空,平今,4980.000000000001,4,2022-04-13 22:18:48
583,rb2210,SHFE,0_0_      643095,     1042305,多,平今,4980.0,1,2022-04-13 22:19:01
584,rb2210,SHFE,0_0_      645733,     1044376,多,开,4981.0,4,2022-04-13 22:19:32
585,rb2210,SHFE,0_0_      645887,     1044578,多,平今,4981.0,1,2022-04-13 22:19:35
586,rb2210,SHFE,0_0_      650982,     1049104,空,平今,4984.0,1,2022-04-13 22:20:27
587,rb2210,SHFE,0_0_      657372,     1054883,空,开,4976.0,1,2022-04-13 22:21:27
588,rb2210,SHFE,0_0_      657372,     1054884,空,开,4976.0,1,2022-04-13 22:21:27
589,rb2210,SHFE,0_0_      657372,     1054885,空,开,4976.0,1,2022-04-13 22:21:27
590,rb2210,SHFE,0_0_      657372,     1054886,空,开,4976.0,1,2022-04-13 22:21:27
591,rb2210,SHFE,0_0_      657372,     1054887,空,开,4976.0,1,2022-04-13 22:21:27
592,rb2210,SHFE,0_0_      657372,     1054888,空,开,4976.0,3,2022-04-13 22:21:27
593,rb2210,SHFE,0_0_      657222,     1055961,空,平今,4977.0,2,2022-04-13 22:21:36
594,rb2210,SHFE,0_0_      658351,     1056417,多,平今,4976.0,2,2022-04-13 22:21:39
595,rb2210,SHFE,0_0_      665789,     1063852,多,平今,4975.0,2,2022-04-13 22:22:38
596,rb2210,SHFE,0_0_      666751,     1064939,多,平今,4975.0,1,2022-04-13 22:22:47
597,rb2210,SHFE,0_0_      666751,     1064940,多,平今,4975.0,2,2022-04-13 22:22:47
598,rb2210,SHFE,0_0_      669019,     1068496,空,开,4977.0,4,2022-04-13 22:23:32
599,rb2210,SHFE,0_0_      670516,     1070890,多,平今,4978.0,1,2022-04-13 22:23:54
600,rb2210,SHFE,0_0_      671793,     1071658,空,开,4979.0,1,2022-04-13 22:24:04
601,rb2210,SHFE,0_0_      651267,     1086522,空,平今,4984.0,1,2022-04-13 22:27:29
602,rb2210,SHFE,0_0_      690663,     1086534,多,平今,4983.0,1,2022-04-13 22:27:29
603,rb2210,SHFE,0_0_      688273,     1087541,多,开,4980.0,2,2022-04-13 22:27:46
604,rb2210,SHFE,0_0_      692280,     1087586,空,平今,4981.0,2,2022-04-13 22:27:46
605,rb2210,SHFE,0_0_      692290,     1087938,多,开,4980.0,2,2022-04-13 22:27:49
606,rb2210,SHFE,0_0_      669504,     1090494,多,平今,4976.0,1,2022-04-13 22:28:23
607,rb2210,SHFE,0_0_      669504,     1090520,多,平今,4976.0,1,2022-04-13 22:28:23
608,rb2210,SHFE,0_0_      669504,     1090525,多,平今,4976.0,1,2022-04-13 22:28:24
609,rb2210,SHFE,0_0_      669504,     1090526,多,平今,4976.0,1,2022-04-13 22:28:24
610,rb2210,SHFE,0_0_      696596,     1090843,空,开,4976.0,3,2022-04-13 22:28:26
611,rb2210,SHFE,0_0_      709923,     1111094,多,平今,4969.0,1,2022-04-13 22:30:25
612,rb2210,SHFE,0_0_      710576,     1113563,空,平今,4968.0,1,2022-04-13 22:30:31
613,rb2210,SHFE,0_0_      712305,     1118704,空,开,4966.0,2,2022-04-13 22:30:40
614,rb2210,SHFE,0_0_      712742,     1119300,多,平今,4966.0,4,2022-04-13 22:30:41
615,rb2210,SHFE,0_0_      712887,     1120911,多,开,4967.0,1,2022-04-13 22:30:44
616,rb2210,SHFE,0_0_      709966,     1123943,空,平今,4970.0,1,2022-04-13 22:30:52
617,rb2210,SHFE,0_0_      714606,     1123962,多,开,4969.0,2,2022-04-13 22:30:52
618,rb2210,SHFE,0_0_      714016,     1128333,多,开,4967.0,3,2022-04-13 22:31:02
619,rb2210,SHFE,0_0_      716435,     1128872,空,开,4969.0,4,2022-04-13 22:31:03
620,rb2210,SHFE,0_0_      716944,     1129660,多,平今,4968.0,1,2022-04-13 22:31:05
621,rb2210,SHFE,0_0_      716944,     1129677,多,平今,4968.0,1,2022-04-13 22:31:05
622,rb2210,SHFE,0_0_      716944,     1129706,多,平今,4968.0,1,2022-04-13 22:31:05
623,rb2210,SHFE,0_0_      716944,     1129759,多,平今,4968.0,1,2022-04-13 22:31:06
624,rb2210,SHFE,0_0_      717403,     1129771,空,平今,4969.0,1,2022-04-13 22:31:06
625,rb2210,SHFE,0_0_      717420,     1129891,空,平今,4969.0,4,2022-04-13 22:31:06
626,rb2210,SHFE,0_0_      717404,     1133489,多,开,4968.000000000001,1,2022-04-13 22:31:16
627,rb2210,SHFE,0_0_      719006,     1135490,空,开,4969.0,4,2022-04-13 22:31:22
628,rb2210,SHFE,0_0_      719785,     1135712,多,开,4968.0,2,2022-04-13 22:31:22
629,rb2210,SHFE,0_0_      719936,     1136668,多,平今,4968.0,1,2022-04-13 22:31:26
630,rb2210,SHFE,0_0_      719936,     1136682,多,平今,4968.0,2,2022-04-13 22:31:26
631,rb2210,SHFE,0_0_      720611,     1138715,多,开,4969.0,4,2022-04-13 22:31:34
632,rb2210,SHFE,0_0_      721096,     1139036,空,平今,4970.0,1,2022-04-13 22:31:35
633,rb2210,SHFE,0_0_      721096,     1139046,空,平今,4970.0,1,2022-04-13 22:31:35
634,rb2210,SHFE,0_0_      721096,     1139133,空,平今,4970.0,1,2022-04-13 22:31:35
635,rb2210,SHFE,0_0_      721096,     1139181,空,平今,4970.0,1,2022-04-13 22:31:36
636,rb2210,SHFE,0_0_      721405,     1139201,多,平今,4969.0,1,2022-04-13 22:31:36
637,rb2210,SHFE,0_0_      721408,     1139896,空,平今,4970.0,1,2022-04-13 22:31:41
638,rb2210,SHFE,0_0_      721819,     1139983,多,开,4969.0,1,2022-04-13 22:31:41
639,rb2210,SHFE,0_0_      721851,     1142219,空,平今,4970.0,1,2022-04-13 22:31:54
640,rb2210,SHFE,0_0_      721851,     1142233,空,平今,4970.0,2,2022-04-13 22:31:54
641,rb2210,SHFE,0_0_      723156,     1142497,多,开,4969.0,1,2022-04-13 22:31:56
642,rb2210,SHFE,0_0_      723156,     1142614,多,开,4969.0,2,2022-04-13 22:31:57
643,rb2210,SHFE,0_0_      723507,     1144478,空,平今,4970.0,1,2022-04-13 22:32:05
644,rb2210,SHFE,0_0_      746910,     1169296,多,开,4977.0,1,2022-04-13 22:34:20
645,rb2210,SHFE,0_0_      746910,     1169303,多,开,4977.0,3,2022-04-13 22:34:20
646,rb2210,SHFE,0_0_      748519,     1170949,空,平今,4975.0,4,2022-04-13 22:34:31
647,rb2210,SHFE,0_0_      748705,     1171301,多,开,4975.0,2,2022-04-13 22:34:34
648,rb2210,SHFE,0_0_      766760,     1191219,空,平今,4982.0,1,2022-04-13 22:36:26
649,rb2210,SHFE,0_0_      767430,     1191759,空,平今,4982.0,2,2022-04-13 22:36:31
650,rb2210,SHFE,0_0_      773882,     1198319,空,平今,4980.0,1,2022-04-13 22:37:18
651,rb2210,SHFE,0_0_      775229,     1199611,空,开,4981.0,2,2022-04-13 22:37:31
652,rb2210,SHFE,0_0_      777191,     1201662,多,开,4983.0,2,2022-04-13 22:37:42
653,rb2210,SHFE,0_0_      778614,     1203127,多,开,4983.0,5,2022-04-13 22:37:55
654,rb2210,SHFE,0_0_      778845,     1203699,空,平今,4982.0,8,2022-04-13 22:37:59
655,rb2210,SHFE,0_0_      779366,     1204353,多,开,4982.0,4,2022-04-13 22:38:02
656,rb2210,SHFE,0_0_      779861,     1204677,多,开,4983.0,1,2022-04-13 22:38:05
657,rb2210,SHFE,0_0_      782934,     1207165,空,开,4981.0,1,2022-04-13 22:38:25
658,rb2210,SHFE,0_0_      783112,     1207285,空,开,4981.0,1,2022-04-13 22:38:27
659,rb2210,SHFE,0_0_      775667,     1207299,多,平今,4980.0,2,2022-04-13 22:38:27
660,rb2210,SHFE,0_0_      783112,     1207312,空,开,4981.0,1,2022-04-13 22:38:27
661,rb2210,SHFE,0_0_      783257,     1207396,空,开,4981.0,2,2022-04-13 22:38:28
662,rb2210,SHFE,0_0_      783257,     1207438,空,开,4981.0,2,2022-04-13 22:38:29
663,rb2210,SHFE,0_0_      784694,     1209012,空,开,4981.0,1,2022-04-13 22:38:51
664,rb2210,SHFE,0_0_      786186,     1209450,多,平今,4981.0,4,2022-04-13 22:38:59
665,rb2210,SHFE,0_0_      785731,     1211038,多,平今,4980.0,3,2022-04-13 22:39:14
666,rb2210,SHFE,0_0_      788161,     1211490,空,开,4981.0,1,2022-04-13 22:39:21
667,rb2210,SHFE,0_0_      788161,     1211493,空,开,4981.0,2,2022-04-13 22:39:22
668,rb2210,SHFE,0_0_      788161,     1211533,空,开,4981.0,1,2022-04-13 22:39:22
669,rb2210,SHFE,0_0_      788161,     1211600,空,开,4981.0,1,2022-04-13 22:39:23
670,rb2210,SHFE,0_0_      781677,     1214339,空,平今,4983.0,3,2022-04-13 22:39:47
671,rb2210,SHFE,0_0_      781677,     1214493,空,平今,4983.0,1,2022-04-13 22:39:48
672,rb2210,SHFE,0_0_      780174,     1215581,空,平今,4984.0,1,2022-04-13 22:39:53
673,rb2210,SHFE,0_0_      792621,     1216655,多,平今,4982.0,4,2022-04-13 22:39:59
674,rb2210,SHFE,0_0_      794210,     1217936,空,开,4983.0,1,2022-04-13 22:40:06
675,rb2210,SHFE,0_0_      794975,     1218311,多,平今,4982.0,1,2022-04-13 22:40:09
676,rb2210,SHFE,0_0_      795429,     1219236,空,开,4983.0,1,2022-04-13 22:40:14
677,rb2210,SHFE,0_0_      796102,     1219360,多,平今,4982.0,1,2022-04-13 22:40:15
678,rb2210,SHFE,0_0_      796388,     1221204,空,开,4982.0,2,2022-04-13 22:40:28
679,rb2210,SHFE,0_0_      797696,     1221486,多,平今,4981.0,1,2022-04-13 22:40:30
680,rb2210,SHFE,0_0_      789267,     1224951,多,平今,4980.0,2,2022-04-13 22:41:08
681,rb2210,SHFE,0_0_      802393,     1225014,空,开,4981.0,2,2022-04-13 22:41:08
682,rb2210,SHFE,0_0_      802420,     1225037,空,开,4981.0,5,2022-04-13 22:41:09
683,rb2210,SHFE,0_0_      802394,     1225058,多,平今,4980.0,2,2022-04-13 22:41:09
684,rb2210,SHFE,0_0_      804661,     1227876,多,平今,4978.000000000001,2,2022-04-13 22:41:35
685,rb2210,SHFE,0_0_      805191,     1231400,空,开,4979.0,2,2022-04-13 22:42:06
686,rb2210,SHFE,0_0_      809648,     1231670,多,平今,4978.0,1,2022-04-13 22:42:11
687,rb2210,SHFE,0_0_      809648,     1231703,多,平今,4978.0,1,2022-04-13 22:42:11
688,rb2210,SHFE,0_0_      809659,     1232572,多,平今,4978.0,1,2022-04-13 22:42:19
689,rb2210,SHFE,0_0_      811604,     1238775,空,开,4979.0,1,2022-04-13 22:43:34
690,rb2210,SHFE,0_0_      832149,     1248072,多,开,4980.0,6,2022-04-13 22:45:48
691,rb2210,SHFE,0_0_      833461,     1250008,空,平今,4980.0,1,2022-04-13 22:46:04
692,rb2210,SHFE,0_0_      832679,     1250322,空,平今,4981.0,1,2022-04-13 22:46:07
693,rb2210,SHFE,0_0_      835158,     1251678,多,平今,4982.0,4,2022-04-13 22:46:17
694,rb2210,SHFE,0_0_      856129,     1270316,多,开,4979.0,1,2022-04-13 22:49:40
695,rb2210,SHFE,0_0_      868462,     1283993,空,平今,4976.0,1,2022-04-13 22:51:38
696,rb2210,SHFE,0_0_      877123,     1291547,多,开,4974.0,1,2022-04-13 22:52:53
697,rb2210,SHFE,0_0_      877479,     1292117,多,开,4974.0,3,2022-04-13 22:53:00
698,rb2210,SHFE,0_0_      885044,     1300901,空,平今,4970.0,4,2022-04-13 22:54:04
699,rb2210,SHFE,0_0_      886563,     1302227,空,开,4972.0,2,2022-04-13 22:54:11
700,rb2210,SHFE,0_0_      879923,     1302471,空,平今,4973.0,2,2022-04-13 22:54:13
701,rb2210,SHFE,0_0_      879923,     1302502,空,平今,4973.0,1,2022-04-13 22:54:13
702,rb2210,SHFE,0_0_      887022,     1302542,多,开,4972.0,3,2022-04-13 22:54:13
703,rb2210,SHFE,0_0_      886743,     1302829,多,平今,4971.0,2,2022-04-13 22:54:16
704,rb2210,SHFE,0_0_      887528,     1302861,空,平今,4972.0,2,2022-04-13 22:54:17
705,rb2210,SHFE,0_0_      887528,     1302901,空,平今,4972.0,1,2022-04-13 22:54:17
706,rb2210,SHFE,0_0_      887621,     1303276,多,开,4971.0,1,2022-04-13 22:54:21
707,rb2210,SHFE,0_0_      891115,     1307335,多,开,4969.0,2,2022-04-13 22:54:48
708,rb2210,SHFE,0_0_      892459,     1309068,多,开,4969.0,1,2022-04-13 22:55:04
709,rb2210,SHFE,0_0_      892459,     1309070,多,开,4969.0,1,2022-04-13 22:55:04
710,rb2210,SHFE,0_0_      892459,     1309082,多,开,4969.0,1,2022-04-13 22:55:04
711,rb2210,SHFE,0_0_      893236,     1313076,多,开,4969.0,1,2022-04-13 22:55:49
712,rb2210,SHFE,0_0_      887993,     1318576,空,平今,4972.0,1,2022-04-13 22:56:41
713,rb2210,SHFE,0_0_      907244,     1324040,空,平今,4969.0,2,2022-04-13 22:57:33
714,rb2210,SHFE,0_0_      907244,     1324041,空,平今,4969.0,2,2022-04-13 22:57:33
715,rb2210,SHFE,0_0_      910260,     1326890,多,开,4967.0,1,2022-04-13 22:57:59
716,rb2210,SHFE,0_0_      910533,     1327474,多,开,4967.0,3,2022-04-13 22:58:01
717,rb2210,SHFE,0_0_      910881,     1327811,空,平今,4967.0,1,2022-04-13 22:58:03
718,rb2210,SHFE,0_0_      911404,     1328331,空,平今,4967.0,1,2022-04-13 22:58:08
719,rb2210,SHFE,0_0_      911404,     1328337,空,平今,4967.0,1,2022-04-13 22:58:08
720,rb2210,SHFE,0_0_      911404,     1328353,空,平今,4967.0,2,2022-04-13 22:58:08
721,rb2210,SHFE,0_0_      911483,     1328514,多,开,4966.0,4,2022-04-13 22:58:09
722,rb2210,SHFE,0_0_      911563,     1328857,空,平今,4967.0,4,2022-04-13 22:58:11
723,rb2210,SHFE,0_0_      911683,     1328864,多,开,4966.0,2,2022-04-13 22:58:11
724,rb2210,SHFE,0_0_      911683,     1328867,多,开,4966.0,1,2022-04-13 22:58:11
725,rb2210,SHFE,0_0_      911683,     1328873,多,开,4966.0,1,2022-04-13 22:58:11
726,rb2210,SHFE,0_0_      912090,     1329834,空,开,4966.0,4,2022-04-13 22:58:19
727,rb2210,SHFE,0_0_      912264,     1330107,多,平今,4965.0,1,2022-04-13 22:58:21
728,rb2210,SHFE,0_0_      912373,     1330114,空,开,4966.0,1,2022-04-13 22:58:21
729,rb2210,SHFE,0_0_      911696,     1330539,空,平今,4967.0,4,2022-04-13 22:58:24
730,rb2210,SHFE,0_0_      912382,     1330796,多,平今,4965.0,1,2022-04-13 22:58:26
731,rb2210,SHFE,0_0_      912780,     1331047,多,开,4965.0,4,2022-04-13 22:58:27
732,rb2210,SHFE,0_0_      912668,     1331060,空,开,4966.0,1,2022-04-13 22:58:27
733,rb2210,SHFE,0_0_      912827,     1331194,空,平今,4965.0,2,2022-04-13 22:58:28
734,rb2210,SHFE,0_0_      912828,     1331389,空,开,4966.0,1,2022-04-13 22:58:30
735,rb2210,SHFE,0_0_      912828,     1331417,空,开,4966.0,3,2022-04-13 22:58:30
736,rb2210,SHFE,0_0_      913404,     1331927,多,平今,4965.0,1,2022-04-13 22:58:33
737,rb2210,SHFE,0_0_      913404,     1331928,多,平今,4965.0,1,2022-04-13 22:58:33
738,rb2210,SHFE,0_0_      913404,     1331934,多,平今,4965.0,1,2022-04-13 22:58:33
739,rb2210,SHFE,0_0_     1124844,     1548909,空,平今,4977.0,4,2022-04-14 09:00:11
740,rb2210,SHFE,0_0_     1125122,     1550721,空,开,4976.0,1,2022-04-14 09:00:14
741,rb2210,SHFE,0_0_     1125122,     1550774,空,开,4976.0,1,2022-04-14 09:00:14
742,rb2210,SHFE,0_0_     1125122,     1550775,空,开,4976.0,1,2022-04-14 09:00:14
743,rb2210,SHFE,0_0_     1125171,     1551067,多,平今,4974.0,3,2022-04-14 09:00:15
744,rb2210,SHFE,0_0_     1125207,     1551427,空,开,4976.0,3,2022-04-14 09:00:16
745,rb2210,SHFE,0_0_     1125271,     1551708,多,平今,4974.0,1,2022-04-14 09:00:16
746,rb2210,SHFE,0_0_     1125271,     1551728,多,平今,4974.0,1,2022-04-14 09:00:16
747,rb2210,SHFE,0_0_     1125271,     1551768,多,平今,4974.0,1,2022-04-14 09:00:16
748,rb2210,SHFE,0_0_     1125327,     1551853,空,开,4976.0,3,2022-04-14 09:00:17
749,rb2210,SHFE,0_0_     1125700,     1556637,多,平今,4981.0,2,2022-04-14 09:00:29
750,rb2210,SHFE,0_0_     1126278,     1559508,多,平今,4978.0,2,2022-04-14 09:00:36
751,rb2210,SHFE,0_0_     1126359,     1559562,空,开,4979.0,1,2022-04-14 09:00:36
752,rb2210,SHFE,0_0_     1126359,     1559563,空,开,4979.0,1,2022-04-14 09:00:36
753,rb2210,SHFE,0_0_     1126359,     1559590,空,开,4979.0,2,2022-04-14 09:00:36
754,rb2210,SHFE,0_0_     1126871,     1564191,多,平今,4981.0,4,2022-04-14 09:00:51
755,rb2210,SHFE,0_0_     1127256,     1573984,多,开,4982.0,4,2022-04-14 09:01:19
756,rb2210,SHFE,0_0_     1128020,     1574959,空,平今,4981.0,2,2022-04-14 09:01:23
757,rb2210,SHFE,0_0_     1126889,     1575229,多,开,4980.0,4,2022-04-14 09:01:24
758,rb2210,SHFE,0_0_     1127994,     1575644,空,开,4982.0,4,2022-04-14 09:01:25
759,rb2210,SHFE,0_0_     1128147,     1577056,多,平今,4981.0,1,2022-04-14 09:01:30
760,rb2210,SHFE,0_0_     1128147,     1577060,多,平今,4981.0,2,2022-04-14 09:01:30
761,rb2210,SHFE,0_0_     1128147,     1577061,多,平今,4981.0,1,2022-04-14 09:01:30
762,rb2210,SHFE,0_0_     1127944,     1579329,空,平今,4983.0,2,2022-04-14 09:01:37
763,rb2210,SHFE,0_0_     1128606,     1579497,多,开,4982.0,4,2022-04-14 09:01:38
764,rb2210,SHFE,0_0_     1129090,     1582510,空,平今,4982.0,4,2022-04-14 09:01:52
765,rb2210,SHFE,0_0_     1129325,     1584376,多,平今,4981.0,4,2022-04-14 09:02:00
766,rb2210,SHFE,0_0_     1129362,     1584434,空,平今,4982.0,4,2022-04-14 09:02:00
767,rb2210,SHFE,0_0_     1129373,     1585219,多,开,4981.0,1,2022-04-14 09:02:02
768,rb2210,SHFE,0_0_     1129373,     1585220,多,开,4981.0,1,2022-04-14 09:02:02
769,rb2210,SHFE,0_0_     1129373,     1585221,多,开,4981.0,1,2022-04-14 09:02:02
770,rb2210,SHFE,0_0_     1129373,     1585264,多,开,4981.0,1,2022-04-14 09:02:02
771,rb2210,SHFE,0_0_     1129446,     1592912,空,平今,4982.0,1,2022-04-14 09:02:31
772,rb2210,SHFE,0_0_     1129446,     1592916,空,平今,4982.0,1,2022-04-14 09:02:31
773,rb2210,SHFE,0_0_     1129446,     1593167,空,平今,4982.0,1,2022-04-14 09:02:33
774,rb2210,SHFE,0_0_     1129446,     1593301,空,平今,4982.0,1,2022-04-14 09:02:33
775,rb2210,SHFE,0_0_     1130599,     1593513,多,开,4981.000000000001,1,2022-04-14 09:02:34
776,rb2210,SHFE,0_0_     1131076,     1595593,空,平今,4983.0,1,2022-04-14 09:02:44
777,rb2210,SHFE,0_0_     1131167,     1596775,多,开,4982.0,1,2022-04-14 09:02:51
778,rb2210,SHFE,0_0_     1131529,     1598106,空,平今,4982.000000000001,1,2022-04-14 09:02:58
779,rb2210,SHFE,0_0_     1131999,     1598567,空,开,4982.0,1,2022-04-14 09:03:00
780,rb2210,SHFE,0_0_     1132188,     1598956,空,开,4982.0,3,2022-04-14 09:03:02
781,rb2210,SHFE,0_0_     1132897,     1600888,多,平今,4979.0,4,2022-04-14 09:03:10
782,rb2210,SHFE,0_0_     1133463,     1603360,空,开,4978.0,2,2022-04-14 09:03:24
783,rb2210,SHFE,0_0_     1134362,     1605772,空,开,4976.0,6,2022-04-14 09:03:38
784,rb2210,SHFE,0_0_     1135776,     1608951,多,平今,4972.000000000001,3,2022-04-14 09:03:56
785,rb2210,SHFE,0_0_     1135942,     1609211,多,平今,4972.0,2,2022-04-14 09:03:58
786,rb2210,SHFE,0_0_     1136150,     1609678,空,开,4972.0,2,2022-04-14 09:04:00
787,rb2210,SHFE,0_0_     1136150,     1609692,空,开,4972.0,1,2022-04-14 09:04:00
788,rb2210,SHFE,0_0_     1139295,     1621988,空,开,4967.0,1,2022-04-14 09:04:55
789,rb2210,SHFE,0_0_     1141440,     1623759,多,开,4967.0,4,2022-04-14 09:05:03
790,rb2210,SHFE,0_0_     1145923,     1632723,多,平今,4972.0,3,2022-04-14 09:05:41
791,rb2210,SHFE,0_0_     1151298,     1641391,空,平今,4974.0,1,2022-04-14 09:06:31
792,rb2210,SHFE,0_0_     1151941,     1648130,多,开,4973.0,1,2022-04-14 09:07:15
793,rb2210,SHFE,0_0_     1157175,     1648770,多,平今,4973.0,3,2022-04-14 09:07:18
794,rb2210,SHFE,0_0_     1142099,     1658338,多,开,4969.0,1,2022-04-14 09:08:20
795,rb2210,SHFE,0_0_     1142099,     1658356,多,开,4969.0,3,2022-04-14 09:08:21
796,rb2210,SHFE,0_0_     1168300,     1659853,空,平今,4970.0,1,2022-04-14 09:08:31
797,rb2210,SHFE,0_0_     1168697,     1660518,空,平今,4968.0,1,2022-04-14 09:08:34
798,rb2210,SHFE,0_0_     1168775,     1660622,空,平今,4968.0,1,2022-04-14 09:08:35
799,rb2210,SHFE,0_0_     1168853,     1660979,空,平今,4968.0,2,2022-04-14 09:08:39
800,rb2210,SHFE,0_0_     1170455,     1662404,空,开,4968.0,1,2022-04-14 09:08:48
801,rb2210,SHFE,0_0_     1170455,     1662442,空,开,4968.0,1,2022-04-14 09:08:48
802,rb2210,SHFE,0_0_     1170455,     1662443,空,开,4968.0,2,2022-04-14 09:08:48
803,rb2210,SHFE,0_0_     1171976,     1664102,空,平今,4967.0,2,2022-04-14 09:09:03
804,rb2210,SHFE,0_0_     1172213,     1664201,多,平今,4966.0,2,2022-04-14 09:09:04
805,rb2210,SHFE,0_0_     1172344,     1665915,空,开,4967.0,2,2022-04-14 09:09:14
806,rb2210,SHFE,0_0_     1173478,     1670770,多,平今,4966.0,2,2022-04-14 09:10:00
807,rb2210,SHFE,0_0_     1180827,     1674140,空,开,4966.0,2,2022-04-14 09:10:18
808,rb2210,SHFE,0_0_     1181101,     1674210,多,平今,4965.0,1,2022-04-14 09:10:19
809,rb2210,SHFE,0_0_     1181101,     1674213,多,平今,4965.0,1,2022-04-14 09:10:19
810,rb2210,SHFE,0_0_     1178887,     1676085,空,开,4967.0,1,2022-04-14 09:10:29
811,rb2210,SHFE,0_0_     1178887,     1676198,空,开,4967.0,1,2022-04-14 09:10:30
812,rb2210,SHFE,0_0_     1182724,     1676230,多,平今,4966.000000000001,1,2022-04-14 09:10:30
813,rb2210,SHFE,0_0_     1183920,     1678242,空,开,4963.0,1,2022-04-14 09:10:39
814,rb2210,SHFE,0_0_     1183920,     1678245,空,开,4963.0,1,2022-04-14 09:10:39
815,rb2210,SHFE,0_0_     1184920,     1681168,空,开,4959.0,2,2022-04-14 09:10:47
816,rb2210,SHFE,0_0_     1185051,     1681418,多,平今,4960.0,4,2022-04-14 09:10:48
817,rb2210,SHFE,0_0_     1185270,     1682082,多,平今,4959.0,1,2022-04-14 09:10:50
818,rb2210,SHFE,0_0_     1185000,     1682881,多,平今,4958.0,2,2022-04-14 09:10:53
819,rb2210,SHFE,0_0_     1186582,     1683831,多,开,4957.0,3,2022-04-14 09:10:56
820,rb2210,SHFE,0_0_     1186618,     1684080,空,平今,4958.0,3,2022-04-14 09:10:58
821,rb2210,SHFE,0_0_     1186778,     1684509,多,开,4957.0,3,2022-04-14 09:11:00
822,rb2210,SHFE,0_0_     1187048,     1684525,空,平今,4958.0,1,2022-04-14 09:11:00
823,rb2210,SHFE,0_0_     1187048,     1684527,空,平今,4958.0,1,2022-04-14 09:11:00
824,rb2210,SHFE,0_0_     1187048,     1684528,空,平今,4958.0,1,2022-04-14 09:11:00
825,rb2210,SHFE,0_0_     1187053,     1685122,多,开,4957.0,3,2022-04-14 09:11:03
826,rb2210,SHFE,0_0_     1187542,     1685147,空,平今,4958.0,3,2022-04-14 09:11:03
827,rb2210,SHFE,0_0_     1197342,     1695191,多,平今,4964.000000000001,1,2022-04-14 09:12:12
828,rb2210,SHFE,0_0_     1196184,     1696789,多,开,4961.0,3,2022-04-14 09:12:26
829,rb2210,SHFE,0_0_     1199049,     1697406,空,平今,4962.0,3,2022-04-14 09:12:31
830,rb2210,SHFE,0_0_     1200005,     1698069,多,开,4961.0,1,2022-04-14 09:12:38
831,rb2210,SHFE,0_0_     1200952,     1699137,多,开,4961.0,1,2022-04-14 09:12:46
832,rb2210,SHFE,0_0_     1201564,     1699419,多,开,4961.0,1,2022-04-14 09:12:49
833,rb2210,SHFE,0_0_     1201564,     1699454,多,开,4961.0,1,2022-04-14 09:12:50
834,rb2210,SHFE,0_0_     1201564,     1699496,多,开,4961.0,2,2022-04-14 09:12:50
835,rb2210,SHFE,0_0_     1201837,     1699934,空,平今,4962.0,1,2022-04-14 09:12:56
836,rb2210,SHFE,0_0_     1198762,     1700247,空,开,4963.0,8,2022-04-14 09:12:59
837,rb2210,SHFE,0_0_     1207179,     1705962,空,平今,4962.0,2,2022-04-14 09:13:50
838,rb2210,SHFE,0_0_     1207270,     1706434,多,平今,4962.0,2,2022-04-14 09:13:54
839,rb2210,SHFE,0_0_     1202451,     1706729,多,开,4961.0,2,2022-04-14 09:13:58
840,rb2210,SHFE,0_0_     1202722,     1706740,多,平今,4961.0,2,2022-04-14 09:13:58
841,rb2210,SHFE,0_0_     1208089,     1706991,空,平今,4961.0,4,2022-04-14 09:13:59
842,rb2210,SHFE,0_0_     1208426,     1707474,空,开,4960.0,1,2022-04-14 09:14:02
843,rb2210,SHFE,0_0_     1208426,     1707508,空,开,4960.0,1,2022-04-14 09:14:03
844,rb2210,SHFE,0_0_     1208426,     1707570,空,开,4960.0,1,2022-04-14 09:14:03
845,rb2210,SHFE,0_0_     1210120,     1709814,多,平今,4962.0,4,2022-04-14 09:14:13
846,rb2210,SHFE,0_0_     1211718,     1711357,多,开,4961.0,1,2022-04-14 09:14:26
847,rb2210,SHFE,0_0_     1211718,     1711365,多,开,4961.0,1,2022-04-14 09:14:26
848,rb2210,SHFE,0_0_     1211718,     1711577,多,开,4961.0,1,2022-04-14 09:14:27
849,rb2210,SHFE,0_0_     1211718,     1711901,多,开,4961.0,1,2022-04-14 09:14:31
850,rb2210,SHFE,0_0_     1213316,     1717388,空,平今,4962.0,1,2022-04-14 09:15:07
851,rb2210,SHFE,0_0_     1217766,     1717939,空,平今,4963.0,2,2022-04-14 09:15:08
852,rb2210,SHFE,0_0_     1218325,     1718583,多,开,4963.0,1,2022-04-14 09:15:11
853,rb2210,SHFE,0_0_     1221380,     1721270,空,平今,4965.0,2,2022-04-14 09:15:26
854,rb2210,SHFE,0_0_     1221557,     1722148,多,开,4964.0,2,2022-04-14 09:15:33
855,rb2210,SHFE,0_0_     1222429,     1727934,空,平今,4965.0,2,2022-04-14 09:16:16
856,rb2210,SHFE,0_0_     1236361,     1735691,多,开,4967.0,1,2022-04-14 09:17:20
857,rb2210,SHFE,0_0_     1236361,     1735714,多,开,4967.0,3,2022-04-14 09:17:20
858,rb2210,SHFE,0_0_     1237347,     1737427,多,开,4967.0,2,2022-04-14 09:17:35
859,rb2210,SHFE,0_0_     1238923,     1738026,空,平今,4968.0,1,2022-04-14 09:17:38
860,rb2210,SHFE,0_0_     1238923,     1738039,空,平今,4968.0,1,2022-04-14 09:17:38
861,rb2210,SHFE,0_0_     1239444,     1738229,空,平今,4968.0,4,2022-04-14 09:17:40
862,rb2210,SHFE,0_0_     1241771,     1744645,空,平今,4968.0,1,2022-04-14 09:18:36
863,rb2210,SHFE,0_0_     1241771,     1744646,空,平今,4968.0,1,2022-04-14 09:18:36
864,rb2210,SHFE,0_0_     1250509,     1752038,空,开,4971.0,3,2022-04-14 09:19:22
865,rb2210,SHFE,0_0_     1271445,     1785593,空,开,4976.0,1,2022-04-14 09:22:40
866,rb2210,SHFE,0_0_     1271445,     1785599,空,开,4976.0,1,2022-04-14 09:22:40
867,rb2210,SHFE,0_0_     1271677,     1785835,多,平今,4975.0,1,2022-04-14 09:22:41
868,rb2210,SHFE,0_0_     1271680,     1785872,空,开,4976.0,1,2022-04-14 09:22:41
869,rb2210,SHFE,0_0_     1271688,     1785884,多,平今,4975.0,1,2022-04-14 09:22:41
870,rb2210,SHFE,0_0_     1271693,     1786018,空,开,4976.0,1,2022-04-14 09:22:41
871,rb2210,SHFE,0_0_     1271899,     1786746,多,平今,4975.0,2,2022-04-14 09:22:45
872,rb2210,SHFE,0_0_     1272218,     1786968,空,开,4976.0,2,2022-04-14 09:22:45
873,rb2210,SHFE,0_0_     1272234,     1787237,多,平今,4975.0,2,2022-04-14 09:22:46
874,rb2210,SHFE,0_0_     1272679,     1788090,多,平今,4976.0,3,2022-04-14 09:22:50
875,rb2210,SHFE,0_0_     1269765,     1790977,多,平今,4973.0,2,2022-04-14 09:23:00
876,rb2210,SHFE,0_0_     1269765,     1791101,多,平今,4973.0,1,2022-04-14 09:23:00
877,rb2210,SHFE,0_0_     1275232,     1792422,空,开,4974.0,1,2022-04-14 09:23:09
878,rb2210,SHFE,0_0_     1275741,     1792743,空,开,4973.0,3,2022-04-14 09:23:10
879,rb2210,SHFE,0_0_     1276258,     1793419,多,平今,4972.0,1,2022-04-14 09:23:15
880,rb2210,SHFE,0_0_     1267634,     1793526,多,开,4971.0,1,2022-04-14 09:23:17
881,rb2210,SHFE,0_0_     1267634,     1793542,多,开,4971.0,1,2022-04-14 09:23:17
882,rb2210,SHFE,0_0_     1267634,     1793579,多,开,4971.0,6,2022-04-14 09:23:17
883,rb2210,SHFE,0_0_     1278341,     1796233,空,平今,4970.0,2,2022-04-14 09:23:42
884,rb2210,SHFE,0_0_     1279067,     1796637,空,平今,4969.0,1,2022-04-14 09:23:46
885,rb2210,SHFE,0_0_     1279067,     1796638,空,平今,4969.0,1,2022-04-14 09:23:46
886,rb2210,SHFE,0_0_     1284540,     1808380,空,平今,4970.0,1,2022-04-14 09:24:54
887,rb2210,SHFE,0_0_     1287337,     1814149,多,平今,4966.0,2,2022-04-14 09:25:19
888,rb2210,SHFE,0_0_     1311930,     1847369,空,开,4963.0,4,2022-04-14 09:29:04
889,rb2210,SHFE,0_0_     1313018,     1848462,多,平今,4962.0,2,2022-04-14 09:29:13
890,rb2210,SHFE,0_0_     1313367,     1850557,多,平今,4962.0,3,2022-04-14 09:29:29
891,rb2210,SHFE,0_0_     1315319,     1851109,空,平今,4964.0,1,2022-04-14 09:29:35
892,rb2210,SHFE,0_0_     1315735,     1854218,空,开,4964.0,3,2022-04-14 09:30:02
893,rb2210,SHFE,0_0_     1319476,     1855687,空,开,4964.0,1,2022-04-14 09:30:07
894,rb2210,SHFE,0_0_     1319476,     1855714,空,开,4964.0,3,2022-04-14 09:30:07
895,rb2210,SHFE,0_0_     1319586,     1855771,多,平今,4963.0,4,2022-04-14 09:30:08
896,rb2210,SHFE,0_0_     1320991,     1857862,多,平今,4962.0,1,2022-04-14 09:30:25
897,rb2210,SHFE,0_0_     1325428,     1860821,空,开,4961.0,1,2022-04-14 09:30:51
898,rb2210,SHFE,0_0_     1326663,     1864298,空,开,4960.0,4,2022-04-14 09:31:08
899,rb2210,SHFE,0_0_     1330072,     1869142,多,平今,4956.000000000001,4,2022-04-14 09:31:25
900,rb2210,SHFE,0_0_     1329328,     1869362,空,平今,4958.0,1,2022-04-14 09:31:26
901,rb2210,SHFE,0_0_     1330282,     1869865,多,开,4956.0,4,2022-04-14 09:31:29
902,rb2210,SHFE,0_0_     1331004,     1870215,多,平今,4956.0,1,2022-04-14 09:31:32
903,rb2210,SHFE,0_0_     1331061,     1870233,空,平今,4957.0,1,2022-04-14 09:31:32
904,rb2210,SHFE,0_0_     1332408,     1872139,空,开,4957.0,1,2022-04-14 09:31:48
905,rb2210,SHFE,0_0_     1332408,     1872140,空,开,4957.0,4,2022-04-14 09:31:48
906,rb2210,SHFE,0_0_     1332995,     1872822,多,平今,4957.0,1,2022-04-14 09:31:52
907,rb2210,SHFE,0_0_     1333584,     1873542,空,平今,4956.0,1,2022-04-14 09:31:57
908,rb2210,SHFE,0_0_     1333682,     1873757,空,平今,4956.0,1,2022-04-14 09:31:59
909,rb2210,SHFE,0_0_     1336687,     1877588,多,平今,4956.0,6,2022-04-14 09:32:32
910,rb2210,SHFE,0_0_     1336910,     1877817,空,开,4957.0,3,2022-04-14 09:32:34
911,rb2210,SHFE,0_0_     1337198,     1878208,空,开,4957.0,1,2022-04-14 09:32:39
912,rb2210,SHFE,0_0_     1337198,     1878227,空,开,4957.0,2,2022-04-14 09:32:40
913,rb2210,SHFE,0_0_     1341457,     1884963,多,平今,4951.0,1,2022-04-14 09:33:15
914,rb2210,SHFE,0_0_     1341543,     1884980,空,平今,4952.0,1,2022-04-14 09:33:15
915,rb2210,SHFE,0_0_     1341544,     1885040,多,平今,4951.0,1,2022-04-14 09:33:15
916,rb2210,SHFE,0_0_     1341586,     1885047,空,平今,4952.0,1,2022-04-14 09:33:15
917,rb2210,SHFE,0_0_     1341660,     1885388,多,平今,4951.0,1,2022-04-14 09:33:16
918,rb2210,SHFE,0_0_     1341840,     1885784,空,开,4952.0,1,2022-04-14 09:33:18
919,rb2210,SHFE,0_0_     1341945,     1885800,多,平今,4951.0,1,2022-04-14 09:33:19
920,rb2210,SHFE,0_0_     1350216,     1898214,多,开,4948.0,4,2022-04-14 09:34:34
921,rb2210,SHFE,0_0_     1355624,     1904481,多,平今,4948.0,2,2022-04-14 09:35:18
922,rb2210,SHFE,0_0_     1355624,     1904516,多,平今,4948.0,1,2022-04-14 09:35:18
923,rb2210,SHFE,0_0_     1355851,     1904536,空,开,4949.0,6,2022-04-14 09:35:18
924,rb2210,SHFE,0_0_     1356089,     1905201,多,平今,4949.0,4,2022-04-14 09:35:21
925,rb2210,SHFE,0_0_     1355916,     1908585,多,平今,4948.0,1,2022-04-14 09:35:45
926,rb2210,SHFE,0_0_     1358922,     1908848,空,平今,4948.0,2,2022-04-14 09:35:46
927,rb2210,SHFE,0_0_     1359655,     1909657,空,平今,4948.0,1,2022-04-14 09:35:54
928,rb2210,SHFE,0_0_     1359655,     1909717,空,平今,4948.0,1,2022-04-14 09:35:54
929,rb2210,SHFE,0_0_     1363831,     1914803,空,开,4951.0,1,2022-04-14 09:36:32
930,rb2210,SHFE,0_0_     1364073,     1914956,空,开,4951.0,2,2022-04-14 09:36:34
931,rb2210,SHFE,0_0_     1364494,     1915928,空,开,4951.0,2,2022-04-14 09:36:43
932,rb2210,SHFE,0_0_     1364494,     1915929,空,开,4951.0,1,2022-04-14 09:36:43
933,rb2210,SHFE,0_0_     1364494,     1915936,空,开,4951.0,1,2022-04-14 09:36:44
934,rb2210,SHFE,0_0_     1364831,     1916866,多,平今,4950.0,1,2022-04-14 09:36:54
935,rb2210,SHFE,0_0_     1366161,     1917043,多,平今,4951.0,2,2022-04-14 09:36:57
936,rb2210,SHFE,0_0_     1368569,     1921008,多,平今,4953.0,2,2022-04-14 09:37:35
937,rb2210,SHFE,0_0_     1380559,     1932505,多,平今,4950.0,3,2022-04-14 09:39:33
938,rb2210,SHFE,0_0_     1381417,     1932880,空,开,4950.0,1,2022-04-14 09:39:36
939,rb2210,SHFE,0_0_     1362559,     1933615,多,开,4948.0,1,2022-04-14 09:39:45
940,rb2210,SHFE,0_0_     1383031,     1934384,空,平今,4949.0,1,2022-04-14 09:39:51
941,rb2210,SHFE,0_0_     1384680,     1939039,多,开,4952.0,8,2022-04-14 09:40:34
942,rb2210,SHFE,0_0_     1390934,     1945378,空,平今,4953.0,1,2022-04-14 09:41:22
943,rb2210,SHFE,0_0_     1392606,     1945546,空,平今,4953.0,1,2022-04-14 09:41:24
944,rb2210,SHFE,0_0_     1392729,     1945740,多,平今,4952.0,1,2022-04-14 09:41:25
945,rb2210,SHFE,0_0_     1392829,     1946394,空,平今,4953.0,1,2022-04-14 09:41:30
946,rb2210,SHFE,0_0_     1394086,     1947257,多,开,4952.0,1,2022-04-14 09:41:37
947,rb2210,SHFE,0_0_     1398878,     1951920,多,开,4950.0,1,2022-04-14 09:42:21
948,rb2210,SHFE,0_0_     1396561,     1955348,空,平今,4952.0,1,2022-04-14 09:43:03
949,rb2210,SHFE,0_0_     1401825,     1955654,多,开,4951.0,1,2022-04-14 09:43:07
950,rb2210,SHFE,0_0_     1394226,     1956274,空,开,4953.0,8,2022-04-14 09:43:16
951,rb2210,SHFE,0_0_     1402667,     1957736,多,平今,4952.0,8,2022-04-14 09:43:24
952,rb2210,SHFE,0_0_     1403869,     1957746,空,开,4953.0,7,2022-04-14 09:43:24
953,rb2210,SHFE,0_0_     1403869,     1957749,空,开,4953.0,1,2022-04-14 09:43:24
954,rb2210,SHFE,0_0_     1403898,     1957936,空,平今,4954.0,4,2022-04-14 09:43:27
955,rb2210,SHFE,0_0_     1406256,     1961195,多,开,4954.0,1,2022-04-14 09:44:04
956,rb2210,SHFE,0_0_     1403886,     1963283,多,平今,4952.0,1,2022-04-14 09:44:38
957,rb2210,SHFE,0_0_     1403886,     1963401,多,平今,4952.0,2,2022-04-14 09:44:38
958,rb2210,SHFE,0_0_     1403886,     1963462,多,平今,4952.0,2,2022-04-14 09:44:38
959,rb2210,SHFE,0_0_     1403886,     1963463,多,平今,4952.0,1,2022-04-14 09:44:38
960,rb2210,SHFE,0_0_     1403886,     1963493,多,平今,4952.0,2,2022-04-14 09:44:39
961,rb2210,SHFE,0_0_     1409098,     1963560,空,平今,4953.0,3,2022-04-14 09:44:40
962,rb2210,SHFE,0_0_     1409270,     1963734,多,开,4952.0,3,2022-04-14 09:44:42
963,rb2210,SHFE,0_0_     1409570,     1963777,空,平今,4953.0,1,2022-04-14 09:44:43
964,rb2210,SHFE,0_0_     1409570,     1963781,空,平今,4953.0,2,2022-04-14 09:44:44
965,rb2210,SHFE,0_0_     1409628,     1963792,多,开,4952.0,3,2022-04-14 09:44:44
966,rb2210,SHFE,0_0_     1410946,     1964932,空,平今,4952.0,1,2022-04-14 09:44:59
967,rb2210,SHFE,0_0_     1409640,     1965624,空,平今,4953.0,3,2022-04-14 09:45:03
968,rb2210,SHFE,0_0_     1411973,     1966573,多,开,4953.0,1,2022-04-14 09:45:10
969,rb2210,SHFE,0_0_     1411973,     1966575,多,开,4953.0,1,2022-04-14 09:45:10
970,rb2210,SHFE,0_0_     1411973,     1966576,多,开,4953.0,1,2022-04-14 09:45:10
971,rb2210,SHFE,0_0_     1413745,     1968334,多,开,4955.0,1,2022-04-14 09:45:26
972,rb2210,SHFE,0_0_     1413745,     1968358,多,开,4955.0,1,2022-04-14 09:45:26
973,rb2210,SHFE,0_0_     1414417,     1968544,空,平今,4956.0,2,2022-04-14 09:45:27
974,rb2210,SHFE,0_0_     1420761,     1973996,多,开,4953.0,1,2022-04-14 09:46:40
975,rb2210,SHFE,0_0_     1421591,     1974395,空,开,4952.0,8,2022-04-14 09:46:46
976,rb2210,SHFE,0_0_     1421682,     1974499,空,平今,4952.0,2,2022-04-14 09:46:47
977,rb2210,SHFE,0_0_     1411456,     1974513,多,开,4951.0,3,2022-04-14 09:46:47
978,rb2210,SHFE,0_0_     1421711,     1974538,空,平今,4952.0,4,2022-04-14 09:46:47
979,rb2210,SHFE,0_0_     1421769,     1975363,空,平今,4952.0,1,2022-04-14 09:46:59
980,rb2210,SHFE,0_0_     1422633,     1976198,多,平今,4951.0,1,2022-04-14 09:47:11
981,rb2210,SHFE,0_0_     1423699,     1976821,空,开,4951.0,1,2022-04-14 09:47:18
982,rb2210,SHFE,0_0_     1424900,     1977851,多,开,4950.0,1,2022-04-14 09:47:29
983,rb2210,SHFE,0_0_     1424900,     1977856,多,开,4950.0,1,2022-04-14 09:47:29
984,rb2210,SHFE,0_0_     1424900,     1977873,多,开,4950.0,1,2022-04-14 09:47:30
985,rb2210,SHFE,0_0_     1424900,     1977882,多,开,4950.0,1,2022-04-14 09:47:30
986,rb2210,SHFE,0_0_     1424900,     1977895,多,开,4950.0,1,2022-04-14 09:47:30
987,rb2210,SHFE,0_0_     1424900,     1977896,多,开,4950.0,2,2022-04-14 09:47:30
988,rb2210,SHFE,0_0_     1424900,     1977899,多,开,4950.0,1,2022-04-14 09:47:30
989,rb2210,SHFE,0_0_     1432016,     1983655,空,平今,4953.0,1,2022-04-14 09:48:43
990,rb2210,SHFE,0_0_     1433084,     1984800,空,平今,4953.0,4,2022-04-14 09:49:00
991,rb2210,SHFE,0_0_     1438531,     1991285,多,平今,4960.0,1,2022-04-14 09:49:46
992,rb2210,SHFE,0_0_     1438531,     1991286,多,平今,4960.0,3,2022-04-14 09:49:46
993,rb2210,SHFE,0_0_     1444308,     2001349,多,平今,4960.0,1,2022-04-14 09:50:33
994,rb2210,SHFE,0_0_     1444308,     2001352,多,平今,4960.0,2,2022-04-14 09:50:33
995,rb2210,SHFE,0_0_     1444308,     2001369,多,平今,4960.0,1,2022-04-14 09:50:34
996,rb2210,SHFE,0_0_     1444817,     2001474,多,开,4960.0,1,2022-04-14 09:50:34
997,rb2210,SHFE,0_0_     1444818,     2001509,空,开,4961.0,4,2022-04-14 09:50:34
998,rb2210,SHFE,0_0_     1444818,     2001532,空,开,4961.0,1,2022-04-14 09:50:35
999,rb2210,SHFE,0_0_     1444818,     2001543,空,开,4961.0,1,2022-04-14 09:50:35
1000,rb2210,SHFE,0_0_     1444818,     2001589,空,开,4961.0,1,2022-04-14 09:50:35
1001,rb2210,SHFE,0_0_     1444957,     2001660,多,平今,4960.0,4,2022-04-14 09:50:36
1002,rb2210,SHFE,0_0_     1460523,     2023487,空,平今,4958.0,1,2022-04-14 09:53:12
1003,rb2210,SHFE,0_0_     1460617,     2023502,多,平今,4957.0,1,2022-04-14 09:53:12
1004,rb2210,SHFE,0_0_     1460622,     2023503,空,开,4958.0,1,2022-04-14 09:53:12
1005,rb2210,SHFE,0_0_     1460623,     2023596,多,平今,4957.0,1,2022-04-14 09:53:13
1006,rb2210,SHFE,0_0_     1460695,     2023780,空,开,4958.0,1,2022-04-14 09:53:16
1007,rb2210,SHFE,0_0_     1462095,     2024940,空,开,4959.0,1,2022-04-14 09:53:22
1008,rb2210,SHFE,0_0_     1444980,     2027498,空,平今,4961.0,3,2022-04-14 09:53:46
1009,rb2210,SHFE,0_0_     1464502,     2028664,多,平今,4960.0,1,2022-04-14 09:53:54
1010,rb2210,SHFE,0_0_     1464502,     2028694,多,平今,4960.0,1,2022-04-14 09:53:54
1011,rb2210,SHFE,0_0_     1464502,     2028771,多,平今,4960.0,1,2022-04-14 09:53:55
1012,rb2210,SHFE,0_0_     1465517,     2029784,多,开,4960.0,4,2022-04-14 09:54:02
1013,rb2210,SHFE,0_0_     1467742,     2031449,多,开,4960.0,4,2022-04-14 09:54:18
1014,rb2210,SHFE,0_0_     1485403,     2052511,空,平今,4955.0,1,2022-04-14 09:57:40
1015,rb2210,SHFE,0_0_     1490690,     2056434,空,开,4953.0,1,2022-04-14 09:58:22
1016,rb2210,SHFE,0_0_     1490690,     2056440,空,开,4953.0,1,2022-04-14 09:58:22
1017,rb2210,SHFE,0_0_     1490690,     2056458,空,开,4953.0,1,2022-04-14 09:58:23
1018,rb2210,SHFE,0_0_     1490690,     2056459,空,开,4953.0,1,2022-04-14 09:58:23
1019,rb2210,SHFE,0_0_     1499545,     2064717,多,平今,4951.0,1,2022-04-14 09:59:47
1020,rb2210,SHFE,0_0_     1499545,     2064741,多,平今,4951.0,1,2022-04-14 09:59:48
1021,rb2210,SHFE,0_0_     1499545,     2064759,多,平今,4951.0,1,2022-04-14 09:59:48
1022,rb2210,SHFE,0_0_     1499545,     2064773,多,平今,4951.0,1,2022-04-14 09:59:48
1023,rb2210,SHFE,0_0_     1499545,     2064938,多,平今,4951.0,1,2022-04-14 09:59:49
1024,rb2210,SHFE,0_0_     1500615,     2066103,空,开,4951.0,4,2022-04-14 09:59:57
1025,rb2210,SHFE,0_0_     1501411,     2067996,空,开,4950.0,1,2022-04-14 10:00:05
1026,rb2210,SHFE,0_0_     1488691,     2070004,空,平今,4955.0,4,2022-04-14 10:00:14
1027,rb2210,SHFE,0_0_     1503727,     2070507,多,平今,4954.0,3,2022-04-14 10:00:20
1028,rb2210,SHFE,0_0_     1503949,     2070618,多,开,4955.0,4,2022-04-14 10:00:20
1029,rb2210,SHFE,0_0_     1507528,     2074469,空,开,4952.0,1,2022-04-14 10:00:49
1030,rb2210,SHFE,0_0_     1505785,     2081401,空,平今,4953.0,4,2022-04-14 10:01:47
1031,rb2210,SHFE,0_0_     1514020,     2081587,多,平今,4952.0,2,2022-04-14 10:01:49
1032,rb2210,SHFE,0_0_     1515425,     2082816,空,开,4954.0,2,2022-04-14 10:02:00
1033,rb2210,SHFE,0_0_     1515430,     2083194,多,平今,4953.0,2,2022-04-14 10:02:03
1034,rb2210,SHFE,0_0_     1515794,     2083338,空,开,4954.0,2,2022-04-14 10:02:03
1035,rb2210,SHFE,0_0_     1515897,     2083609,多,平今,4953.0,1,2022-04-14 10:02:05
1036,rb2210,SHFE,0_0_     1515897,     2083616,多,平今,4953.0,1,2022-04-14 10:02:05
1037,rb2210,SHFE,0_0_     1517528,     2085318,多,开,4953.0,2,2022-04-14 10:02:28
1038,rb2210,SHFE,0_0_     1518202,     2085655,空,平今,4954.0,2,2022-04-14 10:02:33
1039,rb2210,SHFE,0_0_     1520402,     2091006,空,开,4953.0,3,2022-04-14 10:03:29
1040,rb2210,SHFE,0_0_     1522958,     2095465,多,平今,4952.0,1,2022-04-14 10:04:05
1041,rb2210,SHFE,0_0_     1522958,     2095466,多,平今,4952.0,2,2022-04-14 10:04:05
1042,rb2210,SHFE,0_0_     1526692,     2095633,空,平今,4953.0,1,2022-04-14 10:04:08
1043,rb2210,SHFE,0_0_     1526692,     2095690,空,平今,4953.0,1,2022-04-14 10:04:09
1044,rb2210,SHFE,0_0_     1526692,     2095695,空,平今,4953.0,1,2022-04-14 10:04:09
1045,rb2210,SHFE,0_0_     1533750,     2106305,空,开,4953.0,4,2022-04-14 10:05:24
1046,rb2210,SHFE,0_0_     1536172,     2106442,空,开,4953.0,1,2022-04-14 10:05:25
1047,rb2210,SHFE,0_0_     1536291,     2106947,多,开,4955.0,8,2022-04-14 10:05:26
1048,rb2210,SHFE,0_0_     1536217,     2107115,多,平今,4953.0,4,2022-04-14 10:05:27
1049,rb2210,SHFE,0_0_     1536400,     2107414,空,平今,4954.0,4,2022-04-14 10:05:28
1050,rb2210,SHFE,0_0_     1538908,     2109584,空,平今,4953.0,1,2022-04-14 10:05:50
1051,rb2210,SHFE,0_0_     1538908,     2109614,空,平今,4953.0,1,2022-04-14 10:05:50
1052,rb2210,SHFE,0_0_     1540489,     2110970,空,开,4952.0,5,2022-04-14 10:06:05
1053,rb2210,SHFE,0_0_     1545447,     2115974,多,平今,4959.0,2,2022-04-14 10:06:58
1054,rb2210,SHFE,0_0_     1548526,     2119954,空,平今,4964.0,1,2022-04-14 10:07:31
1055,rb2210,SHFE,0_0_     1550855,     2123273,空,平今,4967.0,1,2022-04-14 10:07:51
1056,rb2210,SHFE,0_0_     1550872,     2123274,多,开,4966.0,1,2022-04-14 10:07:51
1057,rb2210,SHFE,0_0_     1554723,     2126854,多,平今,4965.0,1,2022-04-14 10:08:19
1058,rb2210,SHFE,0_0_     1555095,     2127763,多,开,4966.0,1,2022-04-14 10:08:24
1059,rb2210,SHFE,0_0_     1557535,     2130439,空,平今,4968.0,1,2022-04-14 10:08:41
1060,rb2210,SHFE,0_0_     1557535,     2130544,空,平今,4968.0,1,2022-04-14 10:08:42
1061,rb2210,SHFE,0_0_     1557643,     2130659,多,平今,4967.0,1,2022-04-14 10:08:43
1062,rb2210,SHFE,0_0_     1557643,     2130662,多,平今,4967.0,2,2022-04-14 10:08:43
1063,rb2210,SHFE,0_0_     1562644,     2137853,多,开,4963.000000000001,1,2022-04-14 10:09:46
1064,rb2210,SHFE,0_0_     1562644,     2137863,多,开,4963.000000000001,1,2022-04-14 10:09:46
1065,rb2210,SHFE,0_0_     1564875,     2139512,多,平今,4966.0,1,2022-04-14 10:09:59
1066,rb2210,SHFE,0_0_     1565500,     2141647,空,开,4967.0,5,2022-04-14 10:10:08
1067,rb2210,SHFE,0_0_     1565500,     2141656,空,开,4967.0,1,2022-04-14 10:10:08
1068,rb2210,SHFE,0_0_     1566880,     2141778,多,平今,4967.0,1,2022-04-14 10:10:09
1069,rb2210,SHFE,0_0_     1566880,     2141790,多,平今,4967.0,3,2022-04-14 10:10:09
1070,rb2210,SHFE,0_0_     1567042,     2142574,空,开,4966.0,4,2022-04-14 10:10:16
1071,rb2210,SHFE,0_0_     1567393,     2142618,多,平今,4965.0,4,2022-04-14 10:10:16
1072,rb2210,SHFE,0_0_     1567394,     2143182,空,开,4966.0,1,2022-04-14 10:10:22
1073,rb2210,SHFE,0_0_     1567394,     2143297,空,开,4966.0,1,2022-04-14 10:10:23
1074,rb2210,SHFE,0_0_     1567394,     2143391,空,开,4966.0,1,2022-04-14 10:10:24
1075,rb2210,SHFE,0_0_     1567394,     2143409,空,开,4966.0,1,2022-04-14 10:10:24
1076,rb2210,SHFE,0_0_     1568709,     2144617,多,平今,4965.0,2,2022-04-14 10:10:31
1077,rb2210,SHFE,0_0_     1569628,     2145454,多,平今,4965.0,1,2022-04-14 10:10:42
1078,rb2210,SHFE,0_0_     1569354,     2147114,多,平今,4964.0,1,2022-04-14 10:10:58
1079,rb2210,SHFE,0_0_     1566996,     2150162,空,平今,4967.0,1,2022-04-14 10:11:31
1080,rb2210,SHFE,0_0_     1573624,     2150335,多,开,4966.0,1,2022-04-14 10:11:33
1081,rb2210,SHFE,0_0_     1573778,     2150363,空,开,4966.0,3,2022-04-14 10:11:33
1082,rb2210,SHFE,0_0_     1573272,     2150517,多,平今,4965.0,1,2022-04-14 10:11:34
1083,rb2210,SHFE,0_0_     1573272,     2150654,多,平今,4965.0,1,2022-04-14 10:11:35
1084,rb2210,SHFE,0_0_     1574283,     2151133,空,平今,4965.0,1,2022-04-14 10:11:40
1085,rb2210,SHFE,0_0_     1575002,     2151911,多,开,4966.0,1,2022-04-14 10:11:45
1086,rb2210,SHFE,0_0_     1575256,     2152275,空,开,4966.0,1,2022-04-14 10:11:51
1087,rb2210,SHFE,0_0_     1575256,     2152329,空,开,4966.0,3,2022-04-14 10:11:52
1088,rb2210,SHFE,0_0_     1574169,     2153735,多,平今,4964.0,3,2022-04-14 10:12:08
1089,rb2210,SHFE,0_0_     1578654,     2154380,空,平今,4963.0,1,2022-04-14 10:12:15
1090,rb2210,SHFE,0_0_     1578654,     2154381,空,平今,4963.0,1,2022-04-14 10:12:15
1091,rb2210,SHFE,0_0_     1579996,     2155921,多,平今,4963.0,2,2022-04-14 10:12:34
1092,rb2210,SHFE,0_0_     1591986,     2179664,多,开,4961.0,4,2022-04-14 10:30:43
1093,rb2210,SHFE,0_0_     1592890,     2179792,空,平今,4962.0,3,2022-04-14 10:30:44
1094,rb2210,SHFE,0_0_     1592890,     2179796,空,平今,4962.0,1,2022-04-14 10:30:44
1095,rb2210,SHFE,0_0_     1594818,     2185142,空,开,4959.0,4,2022-04-14 10:31:31
1096,rb2210,SHFE,0_0_     1594897,     2185441,多,平今,4958.0,1,2022-04-14 10:31:34
1097,rb2210,SHFE,0_0_     1595291,     2186663,空,开,4959.0,1,2022-04-14 10:31:45
1098,rb2210,SHFE,0_0_     1596120,     2187960,多,平今,4959.0,2,2022-04-14 10:31:57
1099,rb2210,SHFE,0_0_     1602030,     2196950,空,开,4959.0,3,2022-04-14 10:33:21
1100,rb2210,SHFE,0_0_     1602030,     2196966,空,开,4959.0,1,2022-04-14 10:33:21
1101,rb2210,SHFE,0_0_     1602065,     2198035,多,平今,4958.0,4,2022-04-14 10:33:30
1102,rb2210,SHFE,0_0_     1606717,     2203227,多,平今,4963.0,1,2022-04-14 10:34:19
1103,rb2210,SHFE,0_0_     1607177,     2205038,空,开,4963.0,2,2022-04-14 10:34:33
1104,rb2210,SHFE,0_0_     1611737,     2208526,空,开,4961.0,1,2022-04-14 10:35:07
1105,rb2210,SHFE,0_0_     1611737,     2208535,空,开,4961.0,2,2022-04-14 10:35:08
1106,rb2210,SHFE,0_0_     1633335,     2225540,多,平今,4964.0,1,2022-04-14 10:38:04
1107,rb2210,SHFE,0_0_     1634720,     2225985,多,平今,4964.0,3,2022-04-14 10:38:05
1108,rb2210,SHFE,0_0_     1634980,     2227095,空,开,4965.0,1,2022-04-14 10:38:11
1109,rb2210,SHFE,0_0_     1634980,     2227126,空,开,4965.0,2,2022-04-14 10:38:12
1110,rb2210,SHFE,0_0_     1636158,     2227579,多,平今,4964.0,4,2022-04-14 10:38:14
1111,rb2210,SHFE,0_0_     1636339,     2228747,空,开,4965.0,5,2022-04-14 10:38:25
1112,rb2210,SHFE,0_0_     1637897,     2228767,多,平今,4964.0,1,2022-04-14 10:38:25
1113,rb2210,SHFE,0_0_     1637897,     2228794,多,平今,4964.0,1,2022-04-14 10:38:26
1114,rb2210,SHFE,0_0_     1637897,     2228848,多,平今,4964.0,1,2022-04-14 10:38:27
1115,rb2210,SHFE,0_0_     1637897,     2228853,多,平今,4964.0,3,2022-04-14 10:38:27
1116,rb2210,SHFE,0_0_     1638132,     2229690,空,开,4965.0,5,2022-04-14 10:38:41
1117,rb2210,SHFE,0_0_     1639921,     2229985,多,平今,4964.0,4,2022-04-14 10:38:46
1118,rb2210,SHFE,0_0_     1641564,     2231720,多,开,4964.0,6,2022-04-14 10:39:05
1119,rb2210,SHFE,0_0_     1642693,     2233888,空,平今,4965.0,6,2022-04-14 10:39:32
1120,rb2210,SHFE,0_0_     1646048,     2234084,多,平今,4965.0,1,2022-04-14 10:39:34
1121,rb2210,SHFE,0_0_     1648390,     2235344,多,开,4963.0,1,2022-04-14 10:39:53
1122,rb2210,SHFE,0_0_     1651661,     2237391,多,开,4963.0,1,2022-04-14 10:40:25
1123,rb2210,SHFE,0_0_     1653892,     2238670,空,平今,4964.0,1,2022-04-14 10:40:52
1124,rb2210,SHFE,0_0_     1657903,     2240032,多,开,4964.0,2,2022-04-14 10:41:07
1125,rb2210,SHFE,0_0_     1656287,     2240440,多,开,4963.0,5,2022-04-14 10:41:15
1126,rb2210,SHFE,0_0_     1612017,     2241599,多,平今,4960.0,2,2022-04-14 10:41:33
1127,rb2210,SHFE,0_0_     1661121,     2242685,空,开,4959.0,3,2022-04-14 10:41:40
1128,rb2210,SHFE,0_0_     1660282,     2243631,空,平今,4961.0,1,2022-04-14 10:41:47
1129,rb2210,SHFE,0_0_     1660282,     2244861,空,平今,4961.0,1,2022-04-14 10:42:00
1130,rb2210,SHFE,0_0_     1673136,     2251571,空,开,4955.0,1,2022-04-14 10:43:06
1131,rb2210,SHFE,0_0_     1675186,     2253556,空,开,4957.0,1,2022-04-14 10:43:26
1132,rb2210,SHFE,0_0_     1675674,     2253653,多,平今,4956.0,4,2022-04-14 10:43:28
1133,rb2210,SHFE,0_0_     1675822,     2253818,空,开,4957.0,1,2022-04-14 10:43:29
1134,rb2210,SHFE,0_0_     1675822,     2253832,空,开,4957.0,1,2022-04-14 10:43:29
1135,rb2210,SHFE,0_0_     1675822,     2253843,空,开,4957.0,1,2022-04-14 10:43:29
1136,rb2210,SHFE,0_0_     1675822,     2253936,空,开,4957.0,1,2022-04-14 10:43:30
1137,rb2210,SHFE,0_0_     1676135,     2253967,多,平今,4956.0,1,2022-04-14 10:43:31
1138,rb2210,SHFE,0_0_     1677744,     2255406,多,平今,4954.000000000001,3,2022-04-14 10:43:47
1139,rb2210,SHFE,0_0_     1677744,     2255407,多,平今,4954.000000000001,1,2022-04-14 10:43:47
1140,rb2210,SHFE,0_0_     1678060,     2255569,空,开,4955.0,1,2022-04-14 10:43:49
1141,rb2210,SHFE,0_0_     1678368,     2255953,空,开,4954.0,1,2022-04-14 10:43:52
1142,rb2210,SHFE,0_0_     1678368,     2255972,空,开,4954.0,1,2022-04-14 10:43:53
1143,rb2210,SHFE,0_0_     1678280,     2256261,空,开,4955.0,2,2022-04-14 10:43:55
1144,rb2210,SHFE,0_0_     1678602,     2258610,多,平今,4954.000000000001,2,2022-04-14 10:44:26
1145,rb2210,SHFE,0_0_     1681810,     2258754,空,平今,4955.0,2,2022-04-14 10:44:29
1146,rb2210,SHFE,0_0_     1685047,     2260799,多,平今,4956.0,2,2022-04-14 10:44:54
1147,rb2210,SHFE,0_0_     1668624,     2261810,空,开,4959.0,1,2022-04-14 10:45:00
1148,rb2210,SHFE,0_0_     1668624,     2261840,空,开,4959.0,2,2022-04-14 10:45:00
1149,rb2210,SHFE,0_0_     1686235,     2262134,多,平今,4958.0,2,2022-04-14 10:45:02
1150,rb2210,SHFE,0_0_     1682108,     2264685,多,开,4955.0,4,2022-04-14 10:45:29
1151,rb2210,SHFE,0_0_     1689215,     2265173,空,平今,4956.0,1,2022-04-14 10:45:34
1152,rb2210,SHFE,0_0_     1689215,     2265295,空,平今,4956.0,1,2022-04-14 10:45:34
1153,rb2210,SHFE,0_0_     1690089,     2267484,空,平今,4954.0,3,2022-04-14 10:45:49
1154,rb2210,SHFE,0_0_     1691264,     2268427,多,开,4953.0,3,2022-04-14 10:45:54
1155,rb2210,SHFE,0_0_     1691914,     2270397,空,平今,4954.0,3,2022-04-14 10:46:12
1156,rb2210,SHFE,0_0_     1689888,     2270677,空,平今,4955.0,2,2022-04-14 10:46:14
1157,rb2210,SHFE,0_0_     1696466,     2272182,空,开,4956.0,1,2022-04-14 10:46:32
1158,rb2210,SHFE,0_0_     1696466,     2272191,空,开,4956.0,1,2022-04-14 10:46:32
1159,rb2210,SHFE,0_0_     1694650,     2272828,多,平今,4954.0,1,2022-04-14 10:46:40
1160,rb2210,SHFE,0_0_     1696598,     2272839,多,平今,4954.0,2,2022-04-14 10:46:40
1161,rb2210,SHFE,0_0_     1694320,     2273092,多,开,4953.0,1,2022-04-14 10:46:42
1162,rb2210,SHFE,0_0_     1694320,     2273149,多,开,4953.0,1,2022-04-14 10:46:43
1163,rb2210,SHFE,0_0_     1694320,     2273156,多,开,4953.0,1,2022-04-14 10:46:43
1164,rb2210,SHFE,0_0_     1697538,     2273339,空,平今,4954.0,1,2022-04-14 10:46:46
1165,rb2210,SHFE,0_0_     1697609,     2273361,空,开,4954.0,3,2022-04-14 10:46:46
1166,rb2210,SHFE,0_0_     1698986,     2276419,空,平今,4954.0,1,2022-04-14 10:47:23
1167,rb2210,SHFE,0_0_     1698986,     2276434,空,平今,4954.0,1,2022-04-14 10:47:23
1168,rb2210,SHFE,0_0_     1702888,     2277865,多,平今,4953.0,1,2022-04-14 10:47:41
1169,rb2210,SHFE,0_0_     1703763,     2279345,空,平今,4953.0,1,2022-04-14 10:47:57
1170,rb2210,SHFE,0_0_     1709626,     2283448,空,开,4952.0,1,2022-04-14 10:48:36
1171,rb2210,SHFE,0_0_     1709871,     2283599,多,平今,4951.0,4,2022-04-14 10:48:37
1172,rb2210,SHFE,0_0_     1710393,     2284126,多,开,4951.0,3,2022-04-14 10:48:41
1173,rb2210,SHFE,0_0_     1714631,     2288141,空,平今,4954.0,3,2022-04-14 10:49:24
1174,rb2210,SHFE,0_0_     1738520,     2313511,空,开,4958.0,3,2022-04-14 10:53:52
1175,rb2210,SHFE,0_0_     1739366,     2314585,多,开,4959.0,4,2022-04-14 10:54:03
1176,rb2210,SHFE,0_0_     1742729,     2318507,空,平今,4962.0,2,2022-04-14 10:54:37
1177,rb2210,SHFE,0_0_     1745618,     2321290,多,平今,4963.0,1,2022-04-14 10:55:01
1178,rb2210,SHFE,0_0_     1753459,     2330228,空,平今,4960.0,1,2022-04-14 10:56:25
1179,rb2210,SHFE,0_0_     1753459,     2330462,空,平今,4960.0,1,2022-04-14 10:56:28
1180,rb2210,SHFE,0_0_     1745836,     2334631,空,开,4964.0,4,2022-04-14 10:57:11
1181,rb2210,SHFE,0_0_     1759289,     2334863,多,平今,4963.000000000001,4,2022-04-14 10:57:15
1182,rb2210,SHFE,0_0_     1759673,     2335927,空,开,4964.0,5,2022-04-14 10:57:34
1183,rb2210,SHFE,0_0_     1762262,     2337480,多,平今,4965.0,1,2022-04-14 10:57:44
1184,rb2210,SHFE,0_0_     1762262,     2337512,多,平今,4965.0,1,2022-04-14 10:57:44
1185,rb2210,SHFE,0_0_     1762262,     2337513,多,平今,4965.0,2,2022-04-14 10:57:44
1186,rb2210,SHFE,0_0_     1763580,     2338588,空,开,4965.0,2,2022-04-14 10:57:53
1187,rb2210,SHFE,0_0_     1763614,     2338648,空,开,4965.0,2,2022-04-14 10:57:53
1188,rb2210,SHFE,0_0_     1771013,     2346724,多,开,4971.0,4,2022-04-14 10:59:20
1189,rb2210,SHFE,0_0_     1772146,     2348376,空,平今,4972.0,1,2022-04-14 10:59:31
1190,rb2210,SHFE,0_0_     1773024,     2349478,空,平今,4971.0,1,2022-04-14 10:59:44
1191,rb2210,SHFE,0_0_     1773101,     2350197,空,平今,4971.0,1,2022-04-14 10:59:52
1192,rb2210,SHFE,0_0_     1774322,     2351174,多,开,4972.0,2,2022-04-14 10:59:58
1193,rb2210,SHFE,0_0_     1774476,     2351190,多,开,4972.0,1,2022-04-14 10:59:59
1194,rb2210,SHFE,0_0_     1774995,     2352721,多,开,4973.0,2,2022-04-14 11:00:03
1195,rb2210,SHFE,0_0_     1775843,     2354110,空,平今,4972.0,1,2022-04-14 11:00:10
1196,rb2210,SHFE,0_0_     1791520,     2370127,多,开,4971.0,1,2022-04-14 11:02:49
1197,rb2210,SHFE,0_0_     1792695,     2371372,空,平今,4971.000000000001,1,2022-04-14 11:03:05
1198,rb2210,SHFE,0_0_     1776840,     2372612,空,平今,4972.0,2,2022-04-14 11:03:22
1199,rb2210,SHFE,0_0_     1794432,     2373402,多,开,4971.0,2,2022-04-14 11:03:31
1200,rb2210,SHFE,0_0_     1796664,     2375548,空,平今,4974.0,1,2022-04-14 11:03:45
1201,rb2210,SHFE,0_0_     1796788,     2375684,空,平今,4974.0,2,2022-04-14 11:03:46
1202,rb2210,SHFE,0_0_     1796999,     2376244,空,平今,4975.0,1,2022-04-14 11:03:49
1203,rb2210,SHFE,0_0_     1797597,     2378169,多,平今,4973.0,3,2022-04-14 11:04:05
1204,rb2210,SHFE,0_0_     1799297,     2379842,空,开,4974.0,4,2022-04-14 11:04:20
1205,rb2210,SHFE,0_0_     1803343,     2386263,多,平今,4971.0,4,2022-04-14 11:05:23
1206,rb2210,SHFE,0_0_     1811936,     2391839,空,开,4966.0,2,2022-04-14 11:06:20
1207,rb2210,SHFE,0_0_     1811989,     2391964,多,平今,4966.0,4,2022-04-14 11:06:21
1208,rb2210,SHFE,0_0_     1819515,     2401659,空,开,4966.0,2,2022-04-14 11:07:46
1209,rb2210,SHFE,0_0_     1822838,     2406140,空,开,4965.0,1,2022-04-14 11:08:26
1210,rb2210,SHFE,0_0_     1822838,     2406173,空,开,4965.0,1,2022-04-14 11:08:26
1211,rb2210,SHFE,0_0_     1822838,     2406307,空,开,4965.0,2,2022-04-14 11:08:27
1212,rb2210,SHFE,0_0_     1823154,     2408268,多,平今,4964.0,1,2022-04-14 11:08:43
1213,rb2210,SHFE,0_0_     1824694,     2408745,多,平今,4964.0,1,2022-04-14 11:08:48
1214,rb2210,SHFE,0_0_     1825062,     2409648,多,平今,4964.0,3,2022-04-14 11:08:53
1215,rb2210,SHFE,0_0_     1827414,     2413758,多,平今,4964.000000000001,1,2022-04-14 11:09:28
1216,rb2210,SHFE,0_0_     1828621,     2415044,空,开,4964.0,1,2022-04-14 11:09:42
1217,rb2210,SHFE,0_0_     1828621,     2415057,空,开,4964.0,1,2022-04-14 11:09:42
1218,rb2210,SHFE,0_0_     1828808,     2415853,多,平今,4963.0,2,2022-04-14 11:09:52
1219,rb2210,SHFE,0_0_     1828808,     2416219,多,平今,4963.0,1,2022-04-14 11:09:56
1220,rb2210,SHFE,0_0_     1830353,     2417149,多,开,4964.0,2,2022-04-14 11:10:02
1221,rb2210,SHFE,0_0_     1838308,     2426326,空,开,4957.0,6,2022-04-14 11:11:22
1222,rb2210,SHFE,0_0_     1839076,     2427167,多,平今,4956.0,4,2022-04-14 11:11:27
1223,rb2210,SHFE,0_0_     1839106,     2427490,空,开,4957.0,4,2022-04-14 11:11:30
1224,rb2210,SHFE,0_0_     1839646,     2427793,多,平今,4956.0,7,2022-04-14 11:11:32
1225,rb2210,SHFE,0_0_     1839795,     2427912,空,开,4957.0,5,2022-04-14 11:11:34
1226,rb2210,SHFE,0_0_     1839795,     2427916,空,开,4957.0,1,2022-04-14 11:11:34
1227,rb2210,SHFE,0_0_     1839795,     2427957,空,开,4957.0,1,2022-04-14 11:11:34
1228,rb2210,SHFE,0_0_     1841315,     2429610,空,平今,4958.0,1,2022-04-14 11:11:50
1229,rb2210,SHFE,0_0_     1843592,     2433250,多,平今,4958.0,2,2022-04-14 11:12:30
1230,rb2210,SHFE,0_0_     1845557,     2434202,多,平今,4960.0,1,2022-04-14 11:12:45
1231,rb2210,SHFE,0_0_     1850838,     2441034,多,平今,4962.0,1,2022-04-14 11:14:00
1232,rb2210,SHFE,0_0_     1830557,     2444831,空,平今,4965.0,1,2022-04-14 11:14:58
1233,rb2210,SHFE,0_0_     1830557,     2444902,空,平今,4965.0,1,2022-04-14 11:14:59
