,code,exchange,orderid,tradeid,direction,offset,price,volume,datetime
0,rb2210,SHFE,0_0_         586,       48282,空,平昨,5073.0,1,2022-04-07 21:00:33
1,rb2210,SHFE,0_0_         611,       48812,多,平昨,5073.0,1,2022-04-07 21:00:34
2,rb2210,SHFE,0_0_         659,       51282,多,平昨,5073.0,2,2022-04-07 21:00:38
3,rb2210,SHFE,0_0_         659,       51448,多,平昨,5073.0,1,2022-04-07 21:00:38
4,rb2210,SHFE,0_0_         762,       52125,空,开,5074.0,4,2022-04-07 21:00:39
5,rb2210,SHFE,0_0_         775,       52383,多,平今,5073.0,2,2022-04-07 21:00:40
6,rb2210,SHFE,0_0_         775,       52444,多,平今,5073.0,1,2022-04-07 21:00:40
7,rb2210,SHFE,0_0_         775,       52449,多,平今,5073.0,1,2022-04-07 21:00:40
8,rb2210,SHFE,0_0_         783,       52499,空,开,5074.0,4,2022-04-07 21:00:40
9,rb2210,SHFE,0_0_         784,       55977,多,平今,5073.0,4,2022-04-07 21:00:45
10,rb2210,SHFE,0_0_         911,       56236,空,开,5073.0,1,2022-04-07 21:00:45
11,rb2210,SHFE,0_0_         948,       57409,多,开,5073.0,4,2022-04-07 21:00:47
12,rb2210,SHFE,0_0_        1578,       76356,多,开,5074.0,4,2022-04-07 21:01:16
13,rb2210,SHFE,0_0_        1583,       76490,空,平今,5075.000000000001,4,2022-04-07 21:01:16
14,rb2210,SHFE,0_0_        1584,       76498,多,开,5074.0,4,2022-04-07 21:01:16
15,rb2210,SHFE,0_0_        1585,       81899,空,平今,5075.0,2,2022-04-07 21:01:24
16,rb2210,SHFE,0_0_        1585,       82870,空,平今,5075.0,2,2022-04-07 21:01:26
17,rb2210,SHFE,0_0_        1749,       82889,多,平昨,5074.0,2,2022-04-07 21:01:26
18,rb2210,SHFE,0_0_        1750,       83503,空,平今,5075.000000000001,2,2022-04-07 21:01:27
19,rb2210,SHFE,0_0_        1766,       83549,多,开,5074.0,2,2022-04-07 21:01:27
20,rb2210,SHFE,0_0_        1767,       83937,空,平今,5075.0,1,2022-04-07 21:01:28
21,rb2210,SHFE,0_0_        1767,       83952,空,平今,5075.0,1,2022-04-07 21:01:28
22,rb2210,SHFE,0_0_        1788,       84374,空,平今,5075.000000000001,1,2022-04-07 21:01:28
23,rb2210,SHFE,0_0_        1789,       84418,多,平今,5074.0,1,2022-04-07 21:01:28
24,rb2210,SHFE,0_0_        1790,       84453,空,平今,5075.0,1,2022-04-07 21:01:28
25,rb2210,SHFE,0_0_        1791,       84457,多,开,5074.0,1,2022-04-07 21:01:28
26,rb2210,SHFE,0_0_        1792,       84531,空,平今,5075.0,1,2022-04-07 21:01:29
27,rb2210,SHFE,0_0_        1801,       85125,多,开,5074.0,1,2022-04-07 21:01:29
28,rb2210,SHFE,0_0_        1807,       85127,空,平今,5075.0,1,2022-04-07 21:01:29
29,rb2210,SHFE,0_0_        2240,       96229,多,开,5074.0,1,2022-04-07 21:01:53
30,rb2210,SHFE,0_0_        2243,       97328,空,平今,5075.0,1,2022-04-07 21:01:55
31,rb2210,SHFE,0_0_        2342,       98078,多,开,5076.0,7,2022-04-07 21:01:57
32,rb2210,SHFE,0_0_        2459,      100713,空,平今,5078.0,3,2022-04-07 21:02:01
33,rb2210,SHFE,0_0_        2459,      100761,空,平今,5078.0,1,2022-04-07 21:02:01
34,rb2210,SHFE,0_0_        2459,      100977,空,平今,5078.0,1,2022-04-07 21:02:01
35,rb2210,SHFE,0_0_        2459,      100978,空,平今,5078.0,1,2022-04-07 21:02:01
36,rb2210,SHFE,0_0_        2459,      101103,空,平今,5078.0,1,2022-04-07 21:02:01
37,rb2210,SHFE,0_0_        3044,      112248,多,开,5075.0,4,2022-04-07 21:02:21
38,rb2210,SHFE,0_0_        3278,      114363,空,开,5077.0,1,2022-04-07 21:02:25
39,rb2210,SHFE,0_0_        3278,      114393,空,开,5077.0,1,2022-04-07 21:02:25
40,rb2210,SHFE,0_0_        3278,      114416,空,开,5077.0,1,2022-04-07 21:02:25
41,rb2210,SHFE,0_0_        3278,      114464,空,开,5077.0,1,2022-04-07 21:02:26
42,rb2210,SHFE,0_0_        3278,      114533,空,开,5077.0,1,2022-04-07 21:02:26
43,rb2210,SHFE,0_0_        3405,      117224,空,平今,5077.0,2,2022-04-07 21:02:32
44,rb2210,SHFE,0_0_        3601,      117969,多,平今,5076.0,4,2022-04-07 21:02:35
45,rb2210,SHFE,0_0_        7823,      157172,空,平今,5078.0,1,2022-04-07 21:04:23
46,rb2210,SHFE,0_0_        7823,      157177,空,平今,5078.0,1,2022-04-07 21:04:23
47,rb2210,SHFE,0_0_        8901,      162900,多,开,5076.0,2,2022-04-07 21:04:43
48,rb2210,SHFE,0_0_        8924,      162990,多,平今,5076.0,1,2022-04-07 21:04:43
49,rb2210,SHFE,0_0_        8961,      163146,空,平今,5076.0,1,2022-04-07 21:04:44
50,rb2210,SHFE,0_0_       11120,      182009,空,平今,5073.0,1,2022-04-07 21:05:26
51,rb2210,SHFE,0_0_       12939,      183219,空,开,5074.0,1,2022-04-07 21:05:30
52,rb2210,SHFE,0_0_       15912,      196944,空,开,5076.0,2,2022-04-07 21:06:09
53,rb2210,SHFE,0_0_       16008,      197019,多,平今,5075.0,1,2022-04-07 21:06:09
54,rb2210,SHFE,0_0_       16008,      197053,多,平今,5075.0,1,2022-04-07 21:06:10
55,rb2210,SHFE,0_0_       16034,      197589,空,开,5076.0,1,2022-04-07 21:06:11
56,rb2210,SHFE,0_0_       16218,      197826,多,平今,5075.0,1,2022-04-07 21:06:12
57,rb2210,SHFE,0_0_       16319,      198498,空,开,5076.0,1,2022-04-07 21:06:14
58,rb2210,SHFE,0_0_       18248,      206113,多,平今,5076.0,1,2022-04-07 21:06:46
59,rb2210,SHFE,0_0_       19571,      206188,多,开,5076.0,6,2022-04-07 21:06:46
60,rb2210,SHFE,0_0_       30586,      243388,多,平今,5078.0,1,2022-04-07 21:09:09
61,rb2210,SHFE,0_0_       32702,      244125,空,平今,5079.0,1,2022-04-07 21:09:12
62,rb2210,SHFE,0_0_       33975,      245936,多,开,5079.0,1,2022-04-07 21:09:22
63,rb2210,SHFE,0_0_       40919,      258008,空,平今,5083.0,1,2022-04-07 21:10:12
64,rb2210,SHFE,0_0_       42159,      259283,空,开,5082.0,3,2022-04-07 21:10:16
65,rb2210,SHFE,0_0_       42159,      259312,空,开,5082.0,1,2022-04-07 21:10:16
66,rb2210,SHFE,0_0_       43521,      261494,空,平今,5081.0,2,2022-04-07 21:10:25
67,rb2210,SHFE,0_0_       43647,      261635,空,开,5083.0,4,2022-04-07 21:10:26
68,rb2210,SHFE,0_0_       45209,      264746,多,平今,5082.0,1,2022-04-07 21:10:38
69,rb2210,SHFE,0_0_       45209,      264747,多,平今,5082.0,3,2022-04-07 21:10:38
70,rb2210,SHFE,0_0_       48002,      267940,空,平今,5082.0,1,2022-04-07 21:10:52
71,rb2210,SHFE,0_0_       48002,      267945,空,平今,5082.0,1,2022-04-07 21:10:52
72,rb2210,SHFE,0_0_       48104,      268431,空,开,5082.0,3,2022-04-07 21:10:55
73,rb2210,SHFE,0_0_       49426,      283929,多,平今,5082.000000000001,7,2022-04-07 21:12:08
74,rb2210,SHFE,0_0_       59894,      284245,空,开,5083.0,8,2022-04-07 21:12:10
75,rb2210,SHFE,0_0_       60194,      284913,多,平今,5082.0,8,2022-04-07 21:12:14
76,rb2210,SHFE,0_0_       61772,      286538,空,开,5082.0,2,2022-04-07 21:12:21
77,rb2210,SHFE,0_0_       61772,      286540,空,开,5082.0,1,2022-04-07 21:12:21
78,rb2210,SHFE,0_0_       61772,      286548,空,开,5082.0,1,2022-04-07 21:12:21
79,rb2210,SHFE,0_0_       63326,      287570,多,平今,5082.0,1,2022-04-07 21:12:30
80,rb2210,SHFE,0_0_       68952,      294109,多,平今,5082.0,3,2022-04-07 21:13:13
81,rb2210,SHFE,0_0_       70591,      295716,多,开,5084.0,1,2022-04-07 21:13:20
82,rb2210,SHFE,0_0_       74335,      300053,空,开,5085.0,1,2022-04-07 21:13:43
83,rb2210,SHFE,0_0_       74335,      300065,空,开,5085.0,2,2022-04-07 21:13:43
84,rb2210,SHFE,0_0_       74872,      300743,空,平今,5085.0,1,2022-04-07 21:13:47
85,rb2210,SHFE,0_0_       74926,      301057,空,平今,5085.0,1,2022-04-07 21:13:50
86,rb2210,SHFE,0_0_       76341,      302586,多,开,5085.000000000001,3,2022-04-07 21:14:00
87,rb2210,SHFE,0_0_       80217,      306611,多,开,5086.0,4,2022-04-07 21:14:19
88,rb2210,SHFE,0_0_       81447,      307951,空,平今,5086.0,4,2022-04-07 21:14:27
89,rb2210,SHFE,0_0_       82491,      309572,多,开,5086.0,3,2022-04-07 21:14:34
90,rb2210,SHFE,0_0_       81700,      313707,多,开,5085.0,2,2022-04-07 21:14:51
91,rb2210,SHFE,0_0_       75207,      314292,多,平今,5084.0,2,2022-04-07 21:14:53
92,rb2210,SHFE,0_0_       88681,      316961,空,开,5084.0,1,2022-04-07 21:15:07
93,rb2210,SHFE,0_0_       88681,      317004,空,开,5084.0,1,2022-04-07 21:15:07
94,rb2210,SHFE,0_0_       88681,      317013,空,开,5084.0,1,2022-04-07 21:15:07
95,rb2210,SHFE,0_0_       88681,      317095,空,开,5084.0,1,2022-04-07 21:15:07
96,rb2210,SHFE,0_0_       86517,      317610,空,平今,5085.0,1,2022-04-07 21:15:10
97,rb2210,SHFE,0_0_       89275,      317707,多,平今,5084.0,4,2022-04-07 21:15:10
98,rb2210,SHFE,0_0_       86517,      318280,空,平今,5085.0,1,2022-04-07 21:15:14
99,rb2210,SHFE,0_0_       86517,      319234,空,平今,5085.0,1,2022-04-07 21:15:19
100,rb2210,SHFE,0_0_       86517,      319235,空,平今,5085.0,1,2022-04-07 21:15:19
101,rb2210,SHFE,0_0_       93060,      322258,多,平今,5084.0,1,2022-04-07 21:15:36
102,rb2210,SHFE,0_0_       86727,      322955,空,平今,5085.0,1,2022-04-07 21:15:43
103,rb2210,SHFE,0_0_       86727,      322956,空,平今,5085.0,2,2022-04-07 21:15:43
104,rb2210,SHFE,0_0_       94268,      322965,多,开,5084.0,6,2022-04-07 21:15:43
105,rb2210,SHFE,0_0_       94670,      326958,空,平今,5084.0,6,2022-04-07 21:16:10
106,rb2210,SHFE,0_0_       97972,      327082,多,开,5083.000000000001,7,2022-04-07 21:16:11
107,rb2210,SHFE,0_0_      101211,      330823,空,开,5081.0,1,2022-04-07 21:16:38
108,rb2210,SHFE,0_0_      101211,      330824,空,开,5081.0,1,2022-04-07 21:16:38
109,rb2210,SHFE,0_0_      101211,      330825,空,开,5081.0,1,2022-04-07 21:16:38
110,rb2210,SHFE,0_0_      101211,      330826,空,开,5081.0,1,2022-04-07 21:16:38
111,rb2210,SHFE,0_0_      101211,      330827,空,开,5081.0,4,2022-04-07 21:16:38
112,rb2210,SHFE,0_0_      117301,      354955,多,平今,5078.0,1,2022-04-07 21:18:26
113,rb2210,SHFE,0_0_      117301,      354987,多,平今,5078.0,1,2022-04-07 21:18:26
114,rb2210,SHFE,0_0_      117301,      355032,多,平今,5078.0,1,2022-04-07 21:18:26
115,rb2210,SHFE,0_0_      117789,      356363,空,开,5079.0,3,2022-04-07 21:18:32
116,rb2210,SHFE,0_0_      119067,      356794,多,平今,5079.0,1,2022-04-07 21:18:34
117,rb2210,SHFE,0_0_      119143,      356875,空,开,5080.0,1,2022-04-07 21:18:34
118,rb2210,SHFE,0_0_      119208,      357233,多,平今,5079.0,1,2022-04-07 21:18:35
119,rb2210,SHFE,0_0_      119450,      359452,空,开,5080.0,1,2022-04-07 21:18:50
120,rb2210,SHFE,0_0_      125892,      365278,多,平今,5081.0,2,2022-04-07 21:19:30
121,rb2210,SHFE,0_0_       98125,      369200,空,平今,5084.0,2,2022-04-07 21:20:00
122,rb2210,SHFE,0_0_       98125,      369201,空,平今,5084.0,2,2022-04-07 21:20:00
123,rb2210,SHFE,0_0_       98125,      369204,空,平今,5084.0,3,2022-04-07 21:20:00
124,rb2210,SHFE,0_0_      129925,      369494,多,开,5083.0,7,2022-04-07 21:20:00
125,rb2210,SHFE,0_0_      130082,      369523,空,平今,5084.0,1,2022-04-07 21:20:00
126,rb2210,SHFE,0_0_      130082,      369528,空,平今,5084.0,3,2022-04-07 21:20:01
127,rb2210,SHFE,0_0_      130082,      369568,空,平今,5084.0,3,2022-04-07 21:20:01
128,rb2210,SHFE,0_0_      130173,      370083,多,开,5083.0,6,2022-04-07 21:20:03
129,rb2210,SHFE,0_0_      130629,      370126,空,平今,5084.0,4,2022-04-07 21:20:03
130,rb2210,SHFE,0_0_      130629,      370132,空,平今,5084.0,1,2022-04-07 21:20:03
131,rb2210,SHFE,0_0_      130629,      370189,空,平今,5084.0,1,2022-04-07 21:20:03
132,rb2210,SHFE,0_0_      130799,      372343,多,平今,5083.0,4,2022-04-07 21:20:12
133,rb2210,SHFE,0_0_      132288,      374014,空,开,5084.0,1,2022-04-07 21:20:20
134,rb2210,SHFE,0_0_      132288,      374015,空,开,5084.0,3,2022-04-07 21:20:20
135,rb2210,SHFE,0_0_      133844,      374602,多,平今,5083.0,4,2022-04-07 21:20:23
136,rb2210,SHFE,0_0_      134200,      374784,空,开,5083.0,1,2022-04-07 21:20:24
137,rb2210,SHFE,0_0_      135393,      376130,空,开,5083.0,1,2022-04-07 21:20:33
138,rb2210,SHFE,0_0_      140150,      381597,多,开,5084.0,4,2022-04-07 21:21:08
139,rb2210,SHFE,0_0_       82348,      383932,空,平今,5087.0,1,2022-04-07 21:21:23
140,rb2210,SHFE,0_0_      143081,      383965,多,平今,5086.0,2,2022-04-07 21:21:23
141,rb2210,SHFE,0_0_      143132,      384023,多,开,5086.0,1,2022-04-07 21:21:24
142,rb2210,SHFE,0_0_      143182,      385063,空,平今,5087.0,2,2022-04-07 21:21:33
143,rb2210,SHFE,0_0_      143182,      385064,空,平今,5087.0,1,2022-04-07 21:21:33
144,rb2210,SHFE,0_0_      143182,      385065,空,平今,5087.0,1,2022-04-07 21:21:33
145,rb2210,SHFE,0_0_      143216,      385072,空,开,5087.0,4,2022-04-07 21:21:33
146,rb2210,SHFE,0_0_      146387,      388037,多,平今,5087.0,1,2022-04-07 21:21:57
147,rb2210,SHFE,0_0_      146387,      388038,多,平今,5087.0,1,2022-04-07 21:21:57
148,rb2210,SHFE,0_0_      146510,      388162,空,开,5087.000000000001,2,2022-04-07 21:21:58
149,rb2210,SHFE,0_0_      148477,      392180,多,开,5087.0,4,2022-04-07 21:22:19
150,rb2210,SHFE,0_0_      148477,      392187,多,开,5087.0,1,2022-04-07 21:22:19
151,rb2210,SHFE,0_0_      148477,      392278,多,开,5087.0,1,2022-04-07 21:22:20
152,rb2210,SHFE,0_0_      152313,      395222,多,平今,5088.0,4,2022-04-07 21:22:42
153,rb2210,SHFE,0_0_      153018,      395758,空,平今,5088.000000000001,1,2022-04-07 21:22:46
154,rb2210,SHFE,0_0_      153018,      395759,空,平今,5088.000000000001,1,2022-04-07 21:22:46
155,rb2210,SHFE,0_0_      153018,      395771,空,平今,5088.000000000001,1,2022-04-07 21:22:46
156,rb2210,SHFE,0_0_      153018,      395772,空,平今,5088.000000000001,1,2022-04-07 21:22:46
157,rb2210,SHFE,0_0_      153018,      395773,空,平今,5088.000000000001,1,2022-04-07 21:22:46
158,rb2210,SHFE,0_0_      153018,      395778,空,平今,5088.000000000001,2,2022-04-07 21:22:46
159,rb2210,SHFE,0_0_      156984,      400981,多,开,5091.0,3,2022-04-07 21:23:12
160,rb2210,SHFE,0_0_      156114,      401109,多,开,5090.0,2,2022-04-07 21:23:13
161,rb2210,SHFE,0_0_      156915,      401408,多,平今,5090.0,1,2022-04-07 21:23:15
162,rb2210,SHFE,0_0_      157337,      401601,空,平今,5090.0,1,2022-04-07 21:23:16
163,rb2210,SHFE,0_0_      157337,      401604,空,平今,5090.0,1,2022-04-07 21:23:16
164,rb2210,SHFE,0_0_      157337,      401607,空,平今,5090.0,1,2022-04-07 21:23:16
165,rb2210,SHFE,0_0_      157337,      401626,空,平今,5090.0,1,2022-04-07 21:23:16
166,rb2210,SHFE,0_0_      159357,      404533,多,开,5091.0,1,2022-04-07 21:23:29
167,rb2210,SHFE,0_0_      159357,      404566,多,开,5091.0,1,2022-04-07 21:23:29
168,rb2210,SHFE,0_0_      159357,      404612,多,开,5091.0,1,2022-04-07 21:23:30
169,rb2210,SHFE,0_0_      159357,      404635,多,开,5091.0,1,2022-04-07 21:23:30
170,rb2210,SHFE,0_0_      159676,      404783,多,平今,5091.0,1,2022-04-07 21:23:31
171,rb2210,SHFE,0_0_      159667,      405018,空,平今,5092.0,1,2022-04-07 21:23:32
172,rb2210,SHFE,0_0_      159667,      405023,空,平今,5092.0,1,2022-04-07 21:23:32
173,rb2210,SHFE,0_0_      160063,      407592,空,开,5092.0,3,2022-04-07 21:23:49
174,rb2210,SHFE,0_0_      160063,      407596,空,开,5092.0,1,2022-04-07 21:23:49
175,rb2210,SHFE,0_0_      162567,      409193,多,平今,5091.0,1,2022-04-07 21:24:01
176,rb2210,SHFE,0_0_      162655,      409409,多,平今,5091.0,3,2022-04-07 21:24:02
177,rb2210,SHFE,0_0_      162973,      409658,空,平今,5091.0,1,2022-04-07 21:24:03
178,rb2210,SHFE,0_0_      163127,      410783,空,开,5092.0,4,2022-04-07 21:24:12
179,rb2210,SHFE,0_0_      163931,      411463,多,平今,5091.0,3,2022-04-07 21:24:16
180,rb2210,SHFE,0_0_      164426,      411711,空,开,5092.0,1,2022-04-07 21:24:18
181,rb2210,SHFE,0_0_      164426,      411712,空,开,5092.0,1,2022-04-07 21:24:18
182,rb2210,SHFE,0_0_      164426,      411735,空,开,5092.0,2,2022-04-07 21:24:18
183,rb2210,SHFE,0_0_      164935,      411980,多,平今,5091.0,1,2022-04-07 21:24:21
184,rb2210,SHFE,0_0_      165152,      412266,多,平今,5091.0,3,2022-04-07 21:24:23
185,rb2210,SHFE,0_0_      165470,      412776,空,平今,5091.0,1,2022-04-07 21:24:28
186,rb2210,SHFE,0_0_      167706,      415719,多,开,5091.0,2,2022-04-07 21:24:40
187,rb2210,SHFE,0_0_      168880,      417159,多,开,5091.0,2,2022-04-07 21:24:48
188,rb2210,SHFE,0_0_      169439,      418017,多,平今,5091.0,1,2022-04-07 21:24:53
189,rb2210,SHFE,0_0_      171139,      435063,空,平今,5093.0,3,2022-04-07 21:26:27
190,rb2210,SHFE,0_0_      184294,      436749,空,平今,5093.0,1,2022-04-07 21:26:35
191,rb2210,SHFE,0_0_      183164,      437454,多,开,5092.0,3,2022-04-07 21:26:39
192,rb2210,SHFE,0_0_      184996,      437534,空,平今,5093.0,2,2022-04-07 21:26:39
193,rb2210,SHFE,0_0_      185386,      438323,多,开,5093.0,2,2022-04-07 21:26:42
194,rb2210,SHFE,0_0_      185744,      438919,空,开,5094.0,1,2022-04-07 21:26:45
195,rb2210,SHFE,0_0_      185744,      438930,空,开,5094.0,1,2022-04-07 21:26:45
196,rb2210,SHFE,0_0_      185744,      438938,空,开,5094.0,1,2022-04-07 21:26:45
197,rb2210,SHFE,0_0_      185744,      438957,空,开,5094.0,2,2022-04-07 21:26:46
198,rb2210,SHFE,0_0_      186150,      439523,多,平今,5094.0,1,2022-04-07 21:26:49
199,rb2210,SHFE,0_0_      185907,      443281,多,平今,5093.0,4,2022-04-07 21:27:07
200,rb2210,SHFE,0_0_      190047,      444853,空,平今,5095.000000000001,1,2022-04-07 21:27:15
201,rb2210,SHFE,0_0_      195694,      451377,空,平今,5096.0,1,2022-04-07 21:27:53
202,rb2210,SHFE,0_0_      195740,      451574,空,开,5096.0,2,2022-04-07 21:27:54
203,rb2210,SHFE,0_0_      195740,      451578,空,开,5096.0,1,2022-04-07 21:27:54
204,rb2210,SHFE,0_0_      195740,      451617,空,开,5096.0,1,2022-04-07 21:27:55
205,rb2210,SHFE,0_0_      195740,      451619,空,开,5096.0,1,2022-04-07 21:27:55
206,rb2210,SHFE,0_0_      195740,      451631,空,开,5096.0,3,2022-04-07 21:27:55
207,rb2210,SHFE,0_0_      195781,      451798,多,开,5095.0,1,2022-04-07 21:27:57
208,rb2210,SHFE,0_0_      195906,      451807,多,平今,5095.0,1,2022-04-07 21:27:57
209,rb2210,SHFE,0_0_      195966,      451810,多,平今,5095.0,2,2022-04-07 21:27:57
210,rb2210,SHFE,0_0_      195966,      451849,多,平今,5095.0,1,2022-04-07 21:27:57
211,rb2210,SHFE,0_0_      195966,      451897,多,平今,5095.0,1,2022-04-07 21:27:57
212,rb2210,SHFE,0_0_      196251,      452174,多,平今,5095.0,1,2022-04-07 21:28:00
213,rb2210,SHFE,0_0_      196251,      452400,多,平今,5095.0,1,2022-04-07 21:28:00
214,rb2210,SHFE,0_0_      196251,      452479,多,平今,5095.0,1,2022-04-07 21:28:01
215,rb2210,SHFE,0_0_      197725,      453583,空,平今,5095.0,2,2022-04-07 21:28:09
216,rb2210,SHFE,0_0_      190108,      454432,多,开,5094.0,1,2022-04-07 21:28:15
217,rb2210,SHFE,0_0_      198645,      454477,空,平今,5095.0,1,2022-04-07 21:28:15
218,rb2210,SHFE,0_0_      185224,      455522,多,开,5092.0,1,2022-04-07 21:28:23
219,rb2210,SHFE,0_0_      199256,      457245,空,开,5094.0,2,2022-04-07 21:28:35
220,rb2210,SHFE,0_0_      201132,      458345,多,平今,5093.0,2,2022-04-07 21:28:40
221,rb2210,SHFE,0_0_      202129,      458384,空,开,5094.0,4,2022-04-07 21:28:41
222,rb2210,SHFE,0_0_      202985,      459237,多,开,5094.0,1,2022-04-07 21:28:47
223,rb2210,SHFE,0_0_      202186,      459328,多,平今,5093.0,2,2022-04-07 21:28:48
224,rb2210,SHFE,0_0_      202186,      459419,多,平今,5093.0,1,2022-04-07 21:28:49
225,rb2210,SHFE,0_0_      202186,      459453,多,平今,5093.0,1,2022-04-07 21:28:50
226,rb2210,SHFE,0_0_      203893,      462551,多,开,5093.000000000001,2,2022-04-07 21:29:15
227,rb2210,SHFE,0_0_      206433,      462614,空,平今,5093.000000000001,1,2022-04-07 21:29:15
228,rb2210,SHFE,0_0_      206369,      463880,空,平今,5095.0,1,2022-04-07 21:29:24
229,rb2210,SHFE,0_0_      210216,      466810,空,平今,5095.0,1,2022-04-07 21:29:45
230,rb2210,SHFE,0_0_      206438,      469975,多,开,5092.0,1,2022-04-07 21:30:02
231,rb2210,SHFE,0_0_      212746,      479927,空,平今,5093.0,1,2022-04-07 21:30:35
232,rb2210,SHFE,0_0_      220563,      482283,空,开,5093.0,4,2022-04-07 21:30:46
233,rb2210,SHFE,0_0_      232472,      491391,空,平今,5095.0,1,2022-04-07 21:31:40
234,rb2210,SHFE,0_0_      232881,      492085,空,平今,5095.0,1,2022-04-07 21:31:45
235,rb2210,SHFE,0_0_      233499,      492970,多,开,5094.0,1,2022-04-07 21:31:51
236,rb2210,SHFE,0_0_      233499,      493020,多,开,5094.0,1,2022-04-07 21:31:51
237,rb2210,SHFE,0_0_      235460,      494027,多,开,5094.0,2,2022-04-07 21:31:59
238,rb2210,SHFE,0_0_      240052,      498471,多,开,5098.0,2,2022-04-07 21:32:19
239,rb2210,SHFE,0_0_      239223,      498866,多,开,5097.0,1,2022-04-07 21:32:21
240,rb2210,SHFE,0_0_      239223,      498874,多,开,5097.0,1,2022-04-07 21:32:21
241,rb2210,SHFE,0_0_      240600,      500394,空,平今,5098.0,1,2022-04-07 21:32:28
242,rb2210,SHFE,0_0_      241063,      500504,空,平今,5098.0,4,2022-04-07 21:32:29
243,rb2210,SHFE,0_0_      243103,      503579,多,平今,5099.0,1,2022-04-07 21:32:36
244,rb2210,SHFE,0_0_      245809,      508249,多,平今,5101.0,1,2022-04-07 21:32:49
245,rb2210,SHFE,0_0_      243422,      511343,多,平今,5099.000000000001,2,2022-04-07 21:33:01
246,rb2210,SHFE,0_0_      248367,      511466,空,平今,5100.0,2,2022-04-07 21:33:01
247,rb2210,SHFE,0_0_      250693,      513959,空,开,5101.0,2,2022-04-07 21:33:13
248,rb2210,SHFE,0_0_      250693,      513960,空,开,5101.0,1,2022-04-07 21:33:13
249,rb2210,SHFE,0_0_      248512,      515241,多,开,5099.0,2,2022-04-07 21:33:21
250,rb2210,SHFE,0_0_      252254,      517136,空,平今,5100.0,2,2022-04-07 21:33:33
251,rb2210,SHFE,0_0_      254107,      517462,多,平今,5099.0,2,2022-04-07 21:33:36
252,rb2210,SHFE,0_0_      254585,      518579,空,平今,5100.0,1,2022-04-07 21:33:44
253,rb2210,SHFE,0_0_      255920,      518663,多,平今,5099.0,1,2022-04-07 21:33:45
254,rb2210,SHFE,0_0_      256869,      519321,空,开,5099.0,1,2022-04-07 21:33:51
255,rb2210,SHFE,0_0_      257271,      519691,空,开,5099.0,1,2022-04-07 21:33:55
256,rb2210,SHFE,0_0_      256036,      521539,空,开,5100.0,1,2022-04-07 21:34:12
257,rb2210,SHFE,0_0_      241636,      522982,多,开,5097.0,1,2022-04-07 21:34:25
258,rb2210,SHFE,0_0_      241636,      523023,多,开,5097.0,1,2022-04-07 21:34:25
259,rb2210,SHFE,0_0_      241636,      523025,多,开,5097.0,3,2022-04-07 21:34:25
260,rb2210,SHFE,0_0_      261434,      523084,空,平今,5098.0,3,2022-04-07 21:34:26
261,rb2210,SHFE,0_0_      261434,      523124,空,平今,5098.0,1,2022-04-07 21:34:26
262,rb2210,SHFE,0_0_      261631,      523286,空,开,5098.0,1,2022-04-07 21:34:28
263,rb2210,SHFE,0_0_      261631,      523287,空,开,5098.0,2,2022-04-07 21:34:28
264,rb2210,SHFE,0_0_      261775,      523624,多,平今,5097.0,3,2022-04-07 21:34:30
265,rb2210,SHFE,0_0_      262169,      524248,空,开,5098.0,3,2022-04-07 21:34:35
266,rb2210,SHFE,0_0_      263008,      524259,多,平今,5097.0,1,2022-04-07 21:34:36
267,rb2210,SHFE,0_0_      263008,      524265,多,平今,5097.0,1,2022-04-07 21:34:36
268,rb2210,SHFE,0_0_      263008,      524275,多,平今,5097.0,1,2022-04-07 21:34:36
269,rb2210,SHFE,0_0_      284388,      541508,多,平今,5094.0,2,2022-04-07 21:36:52
270,rb2210,SHFE,0_0_      284388,      541511,多,平今,5094.0,1,2022-04-07 21:36:52
271,rb2210,SHFE,0_0_      293144,      547033,空,开,5095.0,4,2022-04-07 21:37:54
272,rb2210,SHFE,0_0_      300361,      551715,多,平今,5094.0,1,2022-04-07 21:38:46
273,rb2210,SHFE,0_0_      305726,      558010,多,平今,5095.0,1,2022-04-07 21:39:29
274,rb2210,SHFE,0_0_      320308,      574312,空,平今,5092.0,1,2022-04-07 21:41:00
275,rb2210,SHFE,0_0_      321573,      577094,多,开,5091.0,4,2022-04-07 21:41:27
276,rb2210,SHFE,0_0_      324199,      577703,空,开,5090.0,2,2022-04-07 21:41:28
277,rb2210,SHFE,0_0_      324080,      581911,空,平今,5091.0,4,2022-04-07 21:41:53
278,rb2210,SHFE,0_0_      328289,      582357,多,平今,5091.0,4,2022-04-07 21:41:54
279,rb2210,SHFE,0_0_      328361,      582569,多,开,5091.0,1,2022-04-07 21:41:56
280,rb2210,SHFE,0_0_      329142,      582797,多,开,5091.0,2,2022-04-07 21:41:58
281,rb2210,SHFE,0_0_      329394,      584342,空,平今,5091.0,1,2022-04-07 21:42:13
282,rb2210,SHFE,0_0_      345419,      595269,空,开,5089.0,1,2022-04-07 21:43:56
283,rb2210,SHFE,0_0_      330909,      602334,空,平今,5091.0,2,2022-04-07 21:45:04
284,rb2210,SHFE,0_0_      355323,      603153,多,平今,5090.0,1,2022-04-07 21:45:12
285,rb2210,SHFE,0_0_      353477,      606933,多,开,5089.0,2,2022-04-07 21:45:49
286,rb2210,SHFE,0_0_      347117,      607381,多,开,5088.0,4,2022-04-07 21:45:53
287,rb2210,SHFE,0_0_      361422,      608156,空,平今,5089.000000000001,1,2022-04-07 21:45:59
288,rb2210,SHFE,0_0_      361422,      608198,空,平今,5089.0,1,2022-04-07 21:45:59
289,rb2210,SHFE,0_0_      362547,      608998,空,平今,5089.0,3,2022-04-07 21:46:06
290,rb2210,SHFE,0_0_      382846,      627392,空,开,5092.0,4,2022-04-07 21:48:49
291,rb2210,SHFE,0_0_      392599,      635787,多,平今,5093.0,1,2022-04-07 21:50:20
292,rb2210,SHFE,0_0_      392599,      635799,多,平今,5093.0,2,2022-04-07 21:50:20
293,rb2210,SHFE,0_0_      398552,      644607,空,平今,5089.0,1,2022-04-07 21:51:19
294,rb2210,SHFE,0_0_      419330,      663656,空,开,5086.0,2,2022-04-07 21:54:12
295,rb2210,SHFE,0_0_      423586,      667592,多,平今,5088.0,1,2022-04-07 21:54:49
296,rb2210,SHFE,0_0_      433428,      677405,空,开,5087.0,2,2022-04-07 21:56:19
297,rb2210,SHFE,0_0_      433882,      678355,多,开,5086.0,2,2022-04-07 21:56:31
298,rb2210,SHFE,0_0_      433882,      678365,多,开,5086.0,1,2022-04-07 21:56:31
299,rb2210,SHFE,0_0_      433882,      678386,多,开,5086.0,1,2022-04-07 21:56:31
300,rb2210,SHFE,0_0_      433882,      678391,多,开,5086.0,2,2022-04-07 21:56:31
301,rb2210,SHFE,0_0_      433882,      678396,多,开,5086.0,2,2022-04-07 21:56:31
302,rb2210,SHFE,0_0_      435100,      679011,空,平今,5087.0,5,2022-04-07 21:56:40
303,rb2210,SHFE,0_0_      443772,      689495,空,平今,5087.0,2,2022-04-07 21:58:04
304,rb2210,SHFE,0_0_      454928,      695234,多,平今,5085.0,1,2022-04-07 21:59:00
305,rb2210,SHFE,0_0_      458105,      697837,空,开,5084.0,1,2022-04-07 21:59:15
306,rb2210,SHFE,0_0_      458105,      697904,空,开,5084.0,1,2022-04-07 21:59:16
307,rb2210,SHFE,0_0_      458105,      697917,空,开,5084.0,1,2022-04-07 21:59:16
308,rb2210,SHFE,0_0_      458105,      697922,空,开,5084.0,1,2022-04-07 21:59:16
309,rb2210,SHFE,0_0_      458105,      697942,空,开,5084.0,1,2022-04-07 21:59:16
310,rb2210,SHFE,0_0_      459073,      700134,多,平今,5083.0,4,2022-04-07 21:59:36
311,rb2210,SHFE,0_0_      460437,      700307,空,开,5084.0,3,2022-04-07 21:59:38
312,rb2210,SHFE,0_0_      461276,      701044,多,平今,5083.0,4,2022-04-07 21:59:46
313,rb2210,SHFE,0_0_      462334,      701706,空,开,5083.0,3,2022-04-07 21:59:50
314,rb2210,SHFE,0_0_      462334,      701712,空,开,5083.0,1,2022-04-07 21:59:50
315,rb2210,SHFE,0_0_      462375,      702685,多,平今,5082.0,4,2022-04-07 21:59:56
316,rb2210,SHFE,0_0_      463051,      703421,空,开,5083.0,3,2022-04-07 22:00:00
317,rb2210,SHFE,0_0_      463051,      703739,空,开,5083.0,1,2022-04-07 22:00:00
318,rb2210,SHFE,0_0_      463051,      703768,空,开,5083.0,1,2022-04-07 22:00:00
319,rb2210,SHFE,0_0_      464416,      705185,多,开,5084.0,5,2022-04-07 22:00:04
320,rb2210,SHFE,0_0_      463937,      707962,多,平今,5082.0,2,2022-04-07 22:00:19
321,rb2210,SHFE,0_0_      464158,      708008,多,平今,5082.0,4,2022-04-07 22:00:19
322,rb2210,SHFE,0_0_      467384,      708016,空,平今,5083.0,1,2022-04-07 22:00:19
323,rb2210,SHFE,0_0_      467384,      708091,空,平今,5083.0,5,2022-04-07 22:00:19
324,rb2210,SHFE,0_0_      467618,      708501,空,开,5082.0,4,2022-04-07 22:00:22
325,rb2210,SHFE,0_0_      469175,      710000,多,平今,5082.0,1,2022-04-07 22:00:32
326,rb2210,SHFE,0_0_      472941,      714386,空,开,5082.0,3,2022-04-07 22:00:57
327,rb2210,SHFE,0_0_      473616,      714777,多,平今,5082.0,3,2022-04-07 22:01:01
328,rb2210,SHFE,0_0_      474802,      715710,多,平今,5082.0,2,2022-04-07 22:01:08
329,rb2210,SHFE,0_0_      481475,      730459,空,开,5079.0,1,2022-04-07 22:02:35
330,rb2210,SHFE,0_0_      481475,      730866,空,开,5079.0,1,2022-04-07 22:02:39
331,rb2210,SHFE,0_0_      481475,      730881,空,开,5079.0,1,2022-04-07 22:02:39
332,rb2210,SHFE,0_0_      481475,      730900,空,开,5079.0,1,2022-04-07 22:02:40
333,rb2210,SHFE,0_0_      488822,      731150,多,平今,5078.0,1,2022-04-07 22:02:40
334,rb2210,SHFE,0_0_      502179,      743417,多,平今,5078.0,1,2022-04-07 22:04:10
335,rb2210,SHFE,0_0_      518177,      761236,多,平今,5068.0,1,2022-04-07 22:05:50
336,rb2210,SHFE,0_0_      519339,      762435,多,平今,5068.0,2,2022-04-07 22:05:55
337,rb2210,SHFE,0_0_      520342,      762901,空,开,5069.0,1,2022-04-07 22:05:58
338,rb2210,SHFE,0_0_      520342,      762915,空,开,5069.0,1,2022-04-07 22:05:58
339,rb2210,SHFE,0_0_      520342,      762922,空,开,5069.0,1,2022-04-07 22:05:58
340,rb2210,SHFE,0_0_      520342,      762925,空,开,5069.0,1,2022-04-07 22:05:58
341,rb2210,SHFE,0_0_      522676,      767779,多,平今,5066.0,5,2022-04-07 22:06:05
342,rb2210,SHFE,0_0_      523116,      769000,多,开,5065.0,4,2022-04-07 22:06:07
343,rb2210,SHFE,0_0_      523202,      769039,空,平今,5066.0,4,2022-04-07 22:06:07
344,rb2210,SHFE,0_0_      523209,      769161,多,开,5065.0,1,2022-04-07 22:06:08
345,rb2210,SHFE,0_0_      523209,      769163,多,开,5065.0,1,2022-04-07 22:06:08
346,rb2210,SHFE,0_0_      523209,      769190,多,开,5065.0,1,2022-04-07 22:06:08
347,rb2210,SHFE,0_0_      523209,      769193,多,开,5065.0,1,2022-04-07 22:06:08
348,rb2210,SHFE,0_0_      523268,      769237,空,平今,5066.0,4,2022-04-07 22:06:08
349,rb2210,SHFE,0_0_      523286,      769361,多,开,5065.0,4,2022-04-07 22:06:08
350,rb2210,SHFE,0_0_      527767,      777175,多,开,5061.0,2,2022-04-07 22:06:39
351,rb2210,SHFE,0_0_      527889,      777408,空,平今,5062.0,2,2022-04-07 22:06:40
352,rb2210,SHFE,0_0_      527991,      777634,多,开,5061.0,2,2022-04-07 22:06:41
353,rb2210,SHFE,0_0_      528134,      777849,空,平今,5062.0,1,2022-04-07 22:06:42
354,rb2210,SHFE,0_0_      528134,      777853,空,平今,5062.0,1,2022-04-07 22:06:42
355,rb2210,SHFE,0_0_      535966,      789146,空,平今,5067.0,1,2022-04-07 22:07:35
356,rb2210,SHFE,0_0_      535966,      789151,空,平今,5067.0,2,2022-04-07 22:07:35
357,rb2210,SHFE,0_0_      536082,      789243,多,开,5066.0,3,2022-04-07 22:07:36
358,rb2210,SHFE,0_0_      536112,      790758,空,平今,5067.0,4,2022-04-07 22:07:44
359,rb2210,SHFE,0_0_      537726,      792083,多,开,5067.0,3,2022-04-07 22:07:50
360,rb2210,SHFE,0_0_      539311,      794390,多,平今,5067.0,1,2022-04-07 22:08:00
361,rb2210,SHFE,0_0_      539827,      794745,空,平今,5068.0,1,2022-04-07 22:08:01
362,rb2210,SHFE,0_0_      544015,      800907,空,平今,5071.0,1,2022-04-07 22:08:26
363,rb2210,SHFE,0_0_      544187,      800921,多,开,5070.0,1,2022-04-07 22:08:26
364,rb2210,SHFE,0_0_      544396,      801342,多,开,5070.0,2,2022-04-07 22:08:28
365,rb2210,SHFE,0_0_      544475,      802360,空,平今,5071.0,2,2022-04-07 22:08:33
366,rb2210,SHFE,0_0_      545342,      802619,多,开,5070.0,2,2022-04-07 22:08:35
367,rb2210,SHFE,0_0_      545493,      809627,空,平今,5071.0,1,2022-04-07 22:09:12
368,rb2210,SHFE,0_0_      545493,      809634,空,平今,5071.0,1,2022-04-07 22:09:12
369,rb2210,SHFE,0_0_      540413,      813266,多,开,5067.0,3,2022-04-07 22:09:35
370,rb2210,SHFE,0_0_      571719,      831889,多,开,5072.0,2,2022-04-07 22:11:34
371,rb2210,SHFE,0_0_      576384,      832386,空,平今,5072.0,1,2022-04-07 22:11:37
372,rb2210,SHFE,0_0_      576384,      832619,空,平今,5072.0,1,2022-04-07 22:11:38
373,rb2210,SHFE,0_0_      576384,      833006,空,平今,5072.0,2,2022-04-07 22:11:41
374,rb2210,SHFE,0_0_      577807,      833125,多,开,5070.0,1,2022-04-07 22:11:42
375,rb2210,SHFE,0_0_      577919,      834022,空,平今,5071.0,1,2022-04-07 22:11:47
376,rb2210,SHFE,0_0_      577919,      834063,空,平今,5071.0,1,2022-04-07 22:11:48
377,rb2210,SHFE,0_0_      580488,      836513,空,开,5069.0,4,2022-04-07 22:12:08
378,rb2210,SHFE,0_0_      604039,      854881,多,平今,5067.0,1,2022-04-07 22:14:59
379,rb2210,SHFE,0_0_      604349,      855602,空,平今,5068.0,1,2022-04-07 22:15:01
380,rb2210,SHFE,0_0_      593843,      862898,空,开,5072.0,3,2022-04-07 22:16:03
381,rb2210,SHFE,0_0_      615218,      863099,多,平今,5072.0,4,2022-04-07 22:16:04
382,rb2210,SHFE,0_0_      622099,      869606,多,开,5074.0,3,2022-04-07 22:17:00
383,rb2210,SHFE,0_0_      622099,      869619,多,开,5074.0,1,2022-04-07 22:17:01
384,rb2210,SHFE,0_0_      622949,      870027,空,平今,5074.0,1,2022-04-07 22:17:03
385,rb2210,SHFE,0_0_      622949,      870044,空,平今,5074.0,1,2022-04-07 22:17:03
386,rb2210,SHFE,0_0_      623236,      870818,多,平今,5075.0,1,2022-04-07 22:17:06
387,rb2210,SHFE,0_0_      626032,      879083,空,开,5077.0,6,2022-04-07 22:18:13
388,rb2210,SHFE,0_0_      626032,      879193,空,开,5077.0,1,2022-04-07 22:18:14
389,rb2210,SHFE,0_0_      632931,      880166,多,平今,5077.0,3,2022-04-07 22:18:21
390,rb2210,SHFE,0_0_      634338,      881189,多,平今,5077.0,3,2022-04-07 22:18:28
391,rb2210,SHFE,0_0_      635972,      883682,多,平今,5078.0,1,2022-04-07 22:18:44
392,rb2210,SHFE,0_0_      635972,      883689,多,平今,5078.0,1,2022-04-07 22:18:44
393,rb2210,SHFE,0_0_      651405,      900118,空,平今,5080.0,1,2022-04-07 22:20:54
394,rb2210,SHFE,0_0_      651405,      900123,空,平今,5080.0,1,2022-04-07 22:20:54
395,rb2210,SHFE,0_0_      651405,      900124,空,平今,5080.0,1,2022-04-07 22:20:54
396,rb2210,SHFE,0_0_      678501,      923557,多,开,5071.0,5,2022-04-07 22:24:40
397,rb2210,SHFE,0_0_      678665,      923680,空,平今,5071.0,4,2022-04-07 22:24:41
398,rb2210,SHFE,0_0_      678667,      923712,多,开,5070.0,4,2022-04-07 22:24:41
399,rb2210,SHFE,0_0_      678734,      923903,空,平今,5071.0,1,2022-04-07 22:24:44
400,rb2210,SHFE,0_0_      678734,      923904,空,平今,5071.0,1,2022-04-07 22:24:44
401,rb2210,SHFE,0_0_      678734,      923946,空,平今,5071.0,2,2022-04-07 22:24:45
402,rb2210,SHFE,0_0_      691226,      933963,空,开,5074.0,2,2022-04-07 22:26:42
403,rb2210,SHFE,0_0_      693159,      934479,多,平今,5073.0,2,2022-04-07 22:26:50
404,rb2210,SHFE,0_0_      694226,      935122,空,平今,5072.0,1,2022-04-07 22:26:58
405,rb2210,SHFE,0_0_      704030,      944701,空,开,5073.0,1,2022-04-07 22:28:59
406,rb2210,SHFE,0_0_      710107,      947728,空,开,5073.0,1,2022-04-07 22:29:42
407,rb2210,SHFE,0_0_      711125,      947791,多,平今,5072.0,1,2022-04-07 22:29:43
408,rb2210,SHFE,0_0_      711125,      947812,多,平今,5072.0,1,2022-04-07 22:29:43
409,rb2210,SHFE,0_0_      711262,      949759,空,开,5073.0,2,2022-04-07 22:30:10
410,rb2210,SHFE,0_0_      665923,      951289,空,开,5077.0,3,2022-04-07 22:30:21
411,rb2210,SHFE,0_0_      715393,      951934,多,开,5078.0,8,2022-04-07 22:30:29
412,rb2210,SHFE,0_0_      657803,      952040,空,开,5079.0,1,2022-04-07 22:30:29
413,rb2210,SHFE,0_0_      657803,      952042,空,开,5079.0,1,2022-04-07 22:30:29
414,rb2210,SHFE,0_0_      717556,      953486,空,平今,5079.000000000001,2,2022-04-07 22:30:41
415,rb2210,SHFE,0_0_      717781,      953597,空,平今,5079.0,1,2022-04-07 22:30:42
416,rb2210,SHFE,0_0_      718739,      954494,空,平今,5080.0,4,2022-04-07 22:30:51
417,rb2210,SHFE,0_0_      718860,      954504,多,开,5079.0,4,2022-04-07 22:30:51
418,rb2210,SHFE,0_0_      720948,      957031,空,平今,5083.0,4,2022-04-07 22:31:09
419,rb2210,SHFE,0_0_      721184,      957832,空,平今,5081.0,1,2022-04-07 22:31:16
420,rb2210,SHFE,0_0_      722584,      958794,多,平今,5082.0,2,2022-04-07 22:31:28
421,rb2210,SHFE,0_0_      722607,      960038,空,开,5083.0,1,2022-04-07 22:31:39
422,rb2210,SHFE,0_0_      722607,      960040,空,开,5083.0,1,2022-04-07 22:31:39
423,rb2210,SHFE,0_0_      723636,      960136,多,平今,5082.0,2,2022-04-07 22:31:40
424,rb2210,SHFE,0_0_      727239,      964131,多,平今,5084.0,1,2022-04-07 22:32:11
425,rb2210,SHFE,0_0_      727938,      964341,空,开,5085.0,1,2022-04-07 22:32:14
426,rb2210,SHFE,0_0_      732209,      968503,空,开,5086.0,1,2022-04-07 22:32:59
427,rb2210,SHFE,0_0_      732209,      968505,空,开,5086.0,1,2022-04-07 22:32:59
428,rb2210,SHFE,0_0_      733508,      970398,多,平今,5084.0,1,2022-04-07 22:33:22
429,rb2210,SHFE,0_0_      733508,      970399,多,平今,5084.0,1,2022-04-07 22:33:22
430,rb2210,SHFE,0_0_      733508,      970420,多,平今,5084.0,1,2022-04-07 22:33:22
431,rb2210,SHFE,0_0_      733508,      970436,多,平今,5084.0,1,2022-04-07 22:33:22
432,rb2210,SHFE,0_0_      734291,      970688,空,开,5085.0,2,2022-04-07 22:33:27
433,rb2210,SHFE,0_0_      734882,      974606,空,开,5085.0,3,2022-04-07 22:34:09
434,rb2210,SHFE,0_0_      738733,      975264,多,平今,5085.0,3,2022-04-07 22:34:17
435,rb2210,SHFE,0_0_      738733,      975274,多,平今,5085.0,1,2022-04-07 22:34:17
436,rb2210,SHFE,0_0_      741486,      977355,多,平今,5086.0,1,2022-04-07 22:34:45
437,rb2210,SHFE,0_0_      741486,      977360,多,平今,5086.0,3,2022-04-07 22:34:45
438,rb2210,SHFE,0_0_      745011,      980921,空,开,5085.0,4,2022-04-07 22:35:27
439,rb2210,SHFE,0_0_      745676,      981534,多,平今,5085.0,1,2022-04-07 22:35:35
440,rb2210,SHFE,0_0_      747080,      983003,多,平今,5086.0,1,2022-04-07 22:35:44
441,rb2210,SHFE,0_0_      748696,      985444,多,平今,5088.0,1,2022-04-07 22:35:55
442,rb2210,SHFE,0_0_      748956,      985649,空,开,5089.0,2,2022-04-07 22:35:57
443,rb2210,SHFE,0_0_      748956,      985652,空,开,5089.0,1,2022-04-07 22:35:57
444,rb2210,SHFE,0_0_      748956,      985655,空,开,5089.0,1,2022-04-07 22:35:57
445,rb2210,SHFE,0_0_      749674,      986437,多,平今,5088.0,2,2022-04-07 22:36:02
446,rb2210,SHFE,0_0_      751757,      990357,多,平今,5086.0,2,2022-04-07 22:36:20
447,rb2210,SHFE,0_0_      758293,     1003499,多,平今,5085.0,1,2022-04-07 22:38:10
448,rb2210,SHFE,0_0_      766007,     1003704,空,开,5085.0,2,2022-04-07 22:38:11
449,rb2210,SHFE,0_0_      767046,     1004526,空,开,5085.0,1,2022-04-07 22:38:22
450,rb2210,SHFE,0_0_      738067,     1005218,多,开,5083.0,1,2022-04-07 22:38:30
451,rb2210,SHFE,0_0_      738067,     1005223,多,开,5083.0,1,2022-04-07 22:38:30
452,rb2210,SHFE,0_0_      738067,     1005227,多,开,5083.0,5,2022-04-07 22:38:30
453,rb2210,SHFE,0_0_      738067,     1005239,多,开,5083.0,1,2022-04-07 22:38:30
454,rb2210,SHFE,0_0_      767912,     1005360,空,平今,5084.0,2,2022-04-07 22:38:32
455,rb2210,SHFE,0_0_      768133,     1005481,空,平今,5084.0,4,2022-04-07 22:38:35
456,rb2210,SHFE,0_0_      775873,     1012017,多,开,5082.0,4,2022-04-07 22:39:52
457,rb2210,SHFE,0_0_      767394,     1013234,空,开,5085.0,2,2022-04-07 22:40:05
458,rb2210,SHFE,0_0_      776671,     1015738,多,平今,5083.0,2,2022-04-07 22:40:26
459,rb2210,SHFE,0_0_      794173,     1030204,多,平今,5078.0,1,2022-04-07 22:42:47
460,rb2210,SHFE,0_0_      794173,     1030205,多,平今,5078.0,1,2022-04-07 22:42:47
461,rb2210,SHFE,0_0_      798444,     1034254,空,平今,5076.0,1,2022-04-07 22:43:14
462,rb2210,SHFE,0_0_      798444,     1034255,空,平今,5076.0,1,2022-04-07 22:43:14
463,rb2210,SHFE,0_0_      798444,     1034256,空,平今,5076.0,1,2022-04-07 22:43:14
464,rb2210,SHFE,0_0_      798910,     1034740,多,平今,5075.0,1,2022-04-07 22:43:18
465,rb2210,SHFE,0_0_      810895,     1045217,空,平今,5080.0,3,2022-04-07 22:45:03
466,rb2210,SHFE,0_0_      854509,     1090694,空,开,5072.0,2,2022-04-07 22:51:29
467,rb2210,SHFE,0_0_      857502,     1090697,多,开,5071.0,6,2022-04-07 22:51:29
468,rb2210,SHFE,0_0_      854509,     1090699,空,开,5072.0,1,2022-04-07 22:51:30
469,rb2210,SHFE,0_0_      857816,     1091452,空,平今,5073.0,1,2022-04-07 22:51:34
470,rb2210,SHFE,0_0_      857739,     1099126,多,平今,5071.0,1,2022-04-07 22:53:01
471,rb2210,SHFE,0_0_      875981,     1107414,多,平今,5067.0,1,2022-04-07 22:53:54
472,rb2210,SHFE,0_0_      875981,     1107415,多,平今,5067.0,1,2022-04-07 22:53:54
473,rb2210,SHFE,0_0_      876086,     1107468,空,平今,5068.0,2,2022-04-07 22:53:54
474,rb2210,SHFE,0_0_      876369,     1107617,空,开,5067.000000000001,1,2022-04-07 22:53:56
475,rb2210,SHFE,0_0_      876369,     1107622,空,开,5067.000000000001,1,2022-04-07 22:53:56
476,rb2210,SHFE,0_0_      876369,     1107630,空,开,5067.000000000001,4,2022-04-07 22:53:56
477,rb2210,SHFE,0_0_      876369,     1107636,空,开,5067.0,1,2022-04-07 22:53:56
478,rb2210,SHFE,0_0_      876369,     1107639,空,开,5067.0,1,2022-04-07 22:53:56
479,rb2210,SHFE,0_0_      880354,     1112079,多,平今,5065.0,1,2022-04-07 22:54:23
480,rb2210,SHFE,0_0_      882597,     1117262,多,平今,5057.0,1,2022-04-07 22:54:51
481,rb2210,SHFE,0_0_      883406,     1117448,空,平今,5058.0,1,2022-04-07 22:54:52
482,rb2210,SHFE,0_0_      883460,     1117528,多,平今,5056.0,1,2022-04-07 22:54:52
483,rb2210,SHFE,0_0_      883463,     1117535,空,平今,5057.0,1,2022-04-07 22:54:52
484,rb2210,SHFE,0_0_      883468,     1117573,多,平今,5056.0,1,2022-04-07 22:54:52
485,rb2210,SHFE,0_0_      883486,     1117578,空,平今,5057.0,1,2022-04-07 22:54:52
486,rb2210,SHFE,0_0_      883489,     1117587,多,平今,5056.0,1,2022-04-07 22:54:52
487,rb2210,SHFE,0_0_      883492,     1117690,空,开,5057.0,1,2022-04-07 22:54:52
488,rb2210,SHFE,0_0_      883519,     1117789,多,平今,5056.0,1,2022-04-07 22:54:52
489,rb2210,SHFE,0_0_      883572,     1117794,空,开,5057.0,1,2022-04-07 22:54:52
490,rb2210,SHFE,0_0_      883573,     1117810,多,平今,5056.0,1,2022-04-07 22:54:52
491,rb2210,SHFE,0_0_      883574,     1117827,空,开,5057.0,1,2022-04-07 22:54:52
492,rb2210,SHFE,0_0_      883595,     1117831,多,平今,5056.0,1,2022-04-07 22:54:52
493,rb2210,SHFE,0_0_      883596,     1117891,空,开,5057.0,1,2022-04-07 22:54:52
494,rb2210,SHFE,0_0_      883610,     1117892,多,平今,5056.0,1,2022-04-07 22:54:52
495,rb2210,SHFE,0_0_      883611,     1117930,空,开,5057.0,1,2022-04-07 22:54:53
496,rb2210,SHFE,0_0_      883626,     1117952,多,平今,5056.0,1,2022-04-07 22:54:53
497,rb2210,SHFE,0_0_      883694,     1118071,空,开,5057.0,1,2022-04-07 22:54:53
498,rb2210,SHFE,0_0_      883846,     1118087,多,开,5056.0,4,2022-04-07 22:54:53
499,rb2210,SHFE,0_0_      883846,     1118090,多,开,5056.0,1,2022-04-07 22:54:53
500,rb2210,SHFE,0_0_      883872,     1118183,空,平今,5057.0,5,2022-04-07 22:54:54
501,rb2210,SHFE,0_0_      883956,     1118624,多,开,5056.0,5,2022-04-07 22:54:57
502,rb2210,SHFE,0_0_      884427,     1118627,空,平今,5057.0,5,2022-04-07 22:54:57
503,rb2210,SHFE,0_0_      885216,     1120137,多,平今,5056.0,2,2022-04-07 22:55:06
504,rb2210,SHFE,0_0_      885570,     1120156,空,开,5057.0,1,2022-04-07 22:55:06
505,rb2210,SHFE,0_0_      885570,     1120157,空,开,5057.0,2,2022-04-07 22:55:06
506,rb2210,SHFE,0_0_      885570,     1120159,空,开,5057.0,1,2022-04-07 22:55:06
507,rb2210,SHFE,0_0_      885916,     1120789,空,开,5056.0,2,2022-04-07 22:55:11
508,rb2210,SHFE,0_0_      887435,     1124256,多,平今,5051.0,2,2022-04-07 22:55:21
509,rb2210,SHFE,0_0_      889495,     1127504,多,开,5054.0,6,2022-04-07 22:55:37
510,rb2210,SHFE,0_0_      889496,     1127515,空,平今,5055.0,5,2022-04-07 22:55:37
511,rb2210,SHFE,0_0_      889496,     1127520,空,平今,5055.0,1,2022-04-07 22:55:37
512,rb2210,SHFE,0_0_      889619,     1127725,多,开,5055.0,4,2022-04-07 22:55:39
513,rb2210,SHFE,0_0_      887475,     1131187,多,平今,5051.0,4,2022-04-07 22:56:04
514,rb2210,SHFE,0_0_      892716,     1131248,空,开,5052.0,1,2022-04-07 22:56:04
515,rb2210,SHFE,0_0_      892716,     1131249,空,开,5052.0,1,2022-04-07 22:56:04
516,rb2210,SHFE,0_0_      892716,     1131252,空,开,5052.0,1,2022-04-07 22:56:04
517,rb2210,SHFE,0_0_      892716,     1131255,空,开,5052.0,1,2022-04-07 22:56:04
518,rb2210,SHFE,0_0_      892727,     1131488,多,平今,5051.0,4,2022-04-07 22:56:05
519,rb2210,SHFE,0_0_      892826,     1131625,空,平今,5052.0,2,2022-04-07 22:56:05
520,rb2210,SHFE,0_0_      892935,     1131650,多,平今,5051.0,2,2022-04-07 22:56:06
521,rb2210,SHFE,0_0_      892976,     1131819,空,开,5052.0,6,2022-04-07 22:56:06
522,rb2210,SHFE,0_0_      890235,     1132919,空,平今,5056.0,1,2022-04-07 22:56:13
523,rb2210,SHFE,0_0_      894147,     1133523,多,开,5055.0,5,2022-04-07 22:56:16
524,rb2210,SHFE,0_0_      894799,     1133728,空,平今,5056.0,1,2022-04-07 22:56:17
525,rb2210,SHFE,0_0_      894799,     1133729,空,平今,5056.0,3,2022-04-07 22:56:17
526,rb2210,SHFE,0_0_      894982,     1133979,多,开,5056.0,1,2022-04-07 22:56:19
527,rb2210,SHFE,0_0_      894982,     1133980,多,开,5056.0,1,2022-04-07 22:56:19
528,rb2210,SHFE,0_0_      895026,     1134075,多,开,5056.0,2,2022-04-07 22:56:19
529,rb2210,SHFE,0_0_      895198,     1134934,空,平今,5056.0,3,2022-04-07 22:56:28
530,rb2210,SHFE,0_0_      896164,     1135098,多,开,5055.0,3,2022-04-07 22:56:29
531,rb2210,SHFE,0_0_      896326,     1135252,空,平今,5056.0,3,2022-04-07 22:56:30
532,rb2210,SHFE,0_0_      896728,     1135458,多,开,5054.0,4,2022-04-07 22:56:32
533,rb2210,SHFE,0_0_      899831,     1139124,空,平今,5052.0,1,2022-04-07 22:57:03
534,rb2210,SHFE,0_0_      899831,     1139125,空,平今,5052.0,1,2022-04-07 22:57:03
535,rb2210,SHFE,0_0_      899831,     1139129,空,平今,5052.0,1,2022-04-07 22:57:03
536,rb2210,SHFE,0_0_      899831,     1139132,空,平今,5052.0,2,2022-04-07 22:57:03
537,rb2210,SHFE,0_0_      899831,     1139136,空,平今,5052.0,1,2022-04-07 22:57:03
538,rb2210,SHFE,0_0_      899831,     1139137,空,平今,5052.0,1,2022-04-07 22:57:03
539,rb2210,SHFE,0_0_      893029,     1139258,多,平今,5051.0,1,2022-04-07 22:57:03
540,rb2210,SHFE,0_0_      893029,     1139261,多,平今,5051.0,1,2022-04-07 22:57:03
541,rb2210,SHFE,0_0_      893029,     1139262,多,平今,5051.0,1,2022-04-07 22:57:03
542,rb2210,SHFE,0_0_      893029,     1139264,多,平今,5051.0,3,2022-04-07 22:57:03
543,rb2210,SHFE,0_0_      899963,     1139305,空,开,5052.0,6,2022-04-07 22:57:03
544,rb2210,SHFE,0_0_      902449,     1142220,多,平今,5049.0,1,2022-04-07 22:57:19
545,rb2210,SHFE,0_0_      902594,     1142321,空,开,5050.0,2,2022-04-07 22:57:19
546,rb2210,SHFE,0_0_      902680,     1142490,多,平今,5050.000000000001,4,2022-04-07 22:57:20
547,rb2210,SHFE,0_0_      904871,     1145827,多,开,5048.0,1,2022-04-07 22:57:36
548,rb2210,SHFE,0_0_      904871,     1145828,多,开,5048.0,1,2022-04-07 22:57:36
549,rb2210,SHFE,0_0_      904871,     1145829,多,开,5048.0,2,2022-04-07 22:57:36
550,rb2210,SHFE,0_0_      904871,     1145830,多,开,5048.0,2,2022-04-07 22:57:36
551,rb2210,SHFE,0_0_      904871,     1145831,多,开,5048.0,1,2022-04-07 22:57:36
552,rb2210,SHFE,0_0_      904871,     1145832,多,开,5048.0,1,2022-04-07 22:57:36
553,rb2210,SHFE,0_0_      905741,     1147042,空,平今,5049.0,1,2022-04-07 22:57:45
554,rb2210,SHFE,0_0_      905988,     1147411,多,平今,5048.0,2,2022-04-07 22:57:49
555,rb2210,SHFE,0_0_      906223,     1147645,空,平今,5049.0,2,2022-04-07 22:57:50
556,rb2210,SHFE,0_0_      907733,     1150071,空,开,5052.0,1,2022-04-07 22:58:03
557,rb2210,SHFE,0_0_      907733,     1150098,空,开,5052.0,1,2022-04-07 22:58:03
558,rb2210,SHFE,0_0_      907733,     1150192,空,开,5052.0,1,2022-04-07 22:58:04
559,rb2210,SHFE,0_0_      907733,     1150203,空,开,5052.0,4,2022-04-07 22:58:04
560,rb2210,SHFE,0_0_      908118,     1150391,多,平今,5050.0,4,2022-04-07 22:58:05
561,rb2210,SHFE,0_0_      908395,     1150826,多,平今,5049.0,1,2022-04-07 22:58:08
562,rb2210,SHFE,0_0_      908395,     1150827,多,平今,5049.0,1,2022-04-07 22:58:08
563,rb2210,SHFE,0_0_      906301,     1150990,多,开,5048.0,2,2022-04-07 22:58:08
564,rb2210,SHFE,0_0_      908568,     1154302,空,平今,5049.0,2,2022-04-07 22:58:27
565,rb2210,SHFE,0_0_      908568,     1154332,空,平今,5049.0,1,2022-04-07 22:58:28
566,rb2210,SHFE,0_0_      908568,     1154333,空,平今,5049.0,3,2022-04-07 22:58:28
567,rb2210,SHFE,0_0_      914620,     1157533,空,开,5051.0,3,2022-04-07 22:58:55
568,rb2210,SHFE,0_0_     1313474,     1440457,空,开,5051.0,3,2022-04-08 09:00:14
569,rb2210,SHFE,0_0_     1313564,     1441696,多,平今,5050.0,3,2022-04-08 09:00:16
570,rb2210,SHFE,0_0_     1314067,     1447749,多,开,5050.0,1,2022-04-08 09:00:29
571,rb2210,SHFE,0_0_     1314067,     1447750,多,开,5050.0,2,2022-04-08 09:00:29
572,rb2210,SHFE,0_0_     1314067,     1447751,多,开,5050.0,1,2022-04-08 09:00:29
573,rb2210,SHFE,0_0_     1314067,     1447752,多,开,5050.0,3,2022-04-08 09:00:29
574,rb2210,SHFE,0_0_     1315275,     1461232,多,平今,5056.0,4,2022-04-08 09:01:14
575,rb2210,SHFE,0_0_     1315290,     1468250,空,平今,5057.0,4,2022-04-08 09:01:43
576,rb2210,SHFE,0_0_     1315812,     1468720,空,平今,5057.0,1,2022-04-08 09:01:44
577,rb2210,SHFE,0_0_     1318051,     1497529,多,开,5046.0,4,2022-04-08 09:03:41
578,rb2210,SHFE,0_0_     1318771,     1497709,空,平今,5047.0,4,2022-04-08 09:03:42
579,rb2210,SHFE,0_0_     1320875,     1506742,空,开,5037.0,5,2022-04-08 09:04:23
580,rb2210,SHFE,0_0_     1320875,     1506744,空,开,5037.0,1,2022-04-08 09:04:23
581,rb2210,SHFE,0_0_     1321046,     1507414,多,平今,5037.0,1,2022-04-08 09:04:25
582,rb2210,SHFE,0_0_     1321046,     1507415,多,平今,5037.0,1,2022-04-08 09:04:25
583,rb2210,SHFE,0_0_     1321046,     1507420,多,平今,5037.0,1,2022-04-08 09:04:25
584,rb2210,SHFE,0_0_     1321046,     1507421,多,平今,5037.0,1,2022-04-08 09:04:25
585,rb2210,SHFE,0_0_     1321994,     1512522,多,平今,5034.0,1,2022-04-08 09:04:39
586,rb2210,SHFE,0_0_     1321994,     1512528,多,平今,5034.0,2,2022-04-08 09:04:39
587,rb2210,SHFE,0_0_     1322096,     1513043,多,开,5035.0,1,2022-04-08 09:04:41
588,rb2210,SHFE,0_0_     1327659,     1525864,空,开,5032.0,2,2022-04-08 09:05:28
589,rb2210,SHFE,0_0_     1327659,     1525872,空,开,5032.0,1,2022-04-08 09:05:28
590,rb2210,SHFE,0_0_     1327659,     1525875,空,开,5032.0,1,2022-04-08 09:05:28
591,rb2210,SHFE,0_0_     1330473,     1534265,空,平今,5030.0,1,2022-04-08 09:05:50
592,rb2210,SHFE,0_0_     1327717,     1536268,空,开,5032.0,1,2022-04-08 09:05:56
593,rb2210,SHFE,0_0_     1327717,     1536352,空,开,5032.0,2,2022-04-08 09:05:57
594,rb2210,SHFE,0_0_     1331167,     1537062,多,平今,5031.0,2,2022-04-08 09:05:58
595,rb2210,SHFE,0_0_     1331423,     1537399,空,平今,5032.0,2,2022-04-08 09:05:59
596,rb2210,SHFE,0_0_     1332935,     1541330,多,开,5036.0,5,2022-04-08 09:06:14
597,rb2210,SHFE,0_0_     1332935,     1541333,多,开,5036.0,1,2022-04-08 09:06:14
598,rb2210,SHFE,0_0_     1332935,     1541334,多,开,5036.0,1,2022-04-08 09:06:14
599,rb2210,SHFE,0_0_     1338795,     1552782,空,平今,5040.0,8,2022-04-08 09:07:15
600,rb2210,SHFE,0_0_     1339230,     1554812,多,开,5039.0,4,2022-04-08 09:07:25
601,rb2210,SHFE,0_0_     1340054,     1554914,空,平今,5040.0,1,2022-04-08 09:07:26
602,rb2210,SHFE,0_0_     1340054,     1554917,空,平今,5040.0,1,2022-04-08 09:07:26
603,rb2210,SHFE,0_0_     1340054,     1554920,空,平今,5040.0,1,2022-04-08 09:07:26
604,rb2210,SHFE,0_0_     1340054,     1554921,空,平今,5040.0,1,2022-04-08 09:07:26
605,rb2210,SHFE,0_0_     1340121,     1555382,多,开,5039.0,3,2022-04-08 09:07:28
606,rb2210,SHFE,0_0_     1337792,     1555393,多,平今,5038.0,3,2022-04-08 09:07:28
607,rb2210,SHFE,0_0_     1340368,     1555440,空,平今,5039.0,2,2022-04-08 09:07:28
608,rb2210,SHFE,0_0_     1340368,     1555445,空,平今,5039.0,1,2022-04-08 09:07:28
609,rb2210,SHFE,0_0_     1340573,     1556709,多,平今,5039.0,1,2022-04-08 09:07:33
610,rb2210,SHFE,0_0_     1340573,     1556753,多,平今,5039.0,1,2022-04-08 09:07:33
611,rb2210,SHFE,0_0_     1340824,     1557249,空,开,5040.0,1,2022-04-08 09:07:36
612,rb2210,SHFE,0_0_     1341195,     1557667,多,开,5039.0,4,2022-04-08 09:07:39
613,rb2210,SHFE,0_0_     1341214,     1557820,空,平今,5040.0,4,2022-04-08 09:07:39
614,rb2210,SHFE,0_0_     1341234,     1557961,多,开,5039.0,1,2022-04-08 09:07:41
615,rb2210,SHFE,0_0_     1341234,     1557964,多,开,5039.0,2,2022-04-08 09:07:41
616,rb2210,SHFE,0_0_     1341234,     1557965,多,开,5039.0,1,2022-04-08 09:07:41
617,rb2210,SHFE,0_0_     1341392,     1559027,空,平今,5040.0,1,2022-04-08 09:07:48
618,rb2210,SHFE,0_0_     1341981,     1559125,多,开,5039.0,2,2022-04-08 09:07:49
619,rb2210,SHFE,0_0_     1348319,     1568482,多,开,5041.0,1,2022-04-08 09:08:50
620,rb2210,SHFE,0_0_     1348319,     1568506,多,开,5041.0,2,2022-04-08 09:08:50
621,rb2210,SHFE,0_0_     1349595,     1569891,空,平今,5043.0,2,2022-04-08 09:08:58
622,rb2210,SHFE,0_0_     1349595,     1569894,空,平今,5043.0,1,2022-04-08 09:08:58
623,rb2210,SHFE,0_0_     1349595,     1569895,空,平今,5043.0,1,2022-04-08 09:08:58
624,rb2210,SHFE,0_0_     1349610,     1570030,多,开,5042.0,4,2022-04-08 09:08:59
625,rb2210,SHFE,0_0_     1349700,     1570085,空,平今,5043.0,4,2022-04-08 09:09:00
626,rb2210,SHFE,0_0_     1349727,     1570179,多,开,5042.0,4,2022-04-08 09:09:00
627,rb2210,SHFE,0_0_     1350695,     1571545,空,平今,5041.0,3,2022-04-08 09:09:09
628,rb2210,SHFE,0_0_     1349746,     1575401,空,平今,5043.0,4,2022-04-08 09:09:45
629,rb2210,SHFE,0_0_     1354612,     1577490,多,平今,5045.0,1,2022-04-08 09:09:58
630,rb2210,SHFE,0_0_     1354001,     1577789,多,开,5044.0,1,2022-04-08 09:10:00
631,rb2210,SHFE,0_0_     1354001,     1577800,多,开,5044.0,2,2022-04-08 09:10:00
632,rb2210,SHFE,0_0_     1354751,     1577805,空,平今,5045.0,3,2022-04-08 09:10:00
633,rb2210,SHFE,0_0_     1356024,     1579773,空,开,5048.0,3,2022-04-08 09:10:11
634,rb2210,SHFE,0_0_     1356071,     1579807,多,平今,5047.0,1,2022-04-08 09:10:11
635,rb2210,SHFE,0_0_     1356071,     1579808,多,平今,5047.0,1,2022-04-08 09:10:11
636,rb2210,SHFE,0_0_     1356071,     1579810,多,平今,5047.0,1,2022-04-08 09:10:11
637,rb2210,SHFE,0_0_     1356074,     1579826,空,开,5048.0,2,2022-04-08 09:10:12
638,rb2210,SHFE,0_0_     1356074,     1579831,空,开,5048.0,1,2022-04-08 09:10:12
639,rb2210,SHFE,0_0_     1356124,     1582361,多,平今,5047.0,3,2022-04-08 09:10:27
640,rb2210,SHFE,0_0_     1358108,     1582441,空,开,5048.0,3,2022-04-08 09:10:27
641,rb2210,SHFE,0_0_     1358109,     1582458,多,平今,5047.0,1,2022-04-08 09:10:27
642,rb2210,SHFE,0_0_     1358109,     1582463,多,平今,5047.0,2,2022-04-08 09:10:28
643,rb2210,SHFE,0_0_     1358122,     1582820,空,开,5048.0,4,2022-04-08 09:10:31
644,rb2210,SHFE,0_0_     1358475,     1586668,多,平今,5047.0,2,2022-04-08 09:10:59
645,rb2210,SHFE,0_0_     1358475,     1586669,多,平今,5047.0,1,2022-04-08 09:10:59
646,rb2210,SHFE,0_0_     1358475,     1586670,多,平今,5047.0,1,2022-04-08 09:10:59
647,rb2210,SHFE,0_0_     1361089,     1587307,空,开,5048.0,4,2022-04-08 09:11:03
648,rb2210,SHFE,0_0_     1361567,     1594046,多,平今,5047.0,1,2022-04-08 09:11:42
649,rb2210,SHFE,0_0_     1361567,     1594053,多,平今,5047.0,1,2022-04-08 09:11:42
650,rb2210,SHFE,0_0_     1361567,     1594054,多,平今,5047.0,1,2022-04-08 09:11:42
651,rb2210,SHFE,0_0_     1361567,     1594139,多,平今,5047.0,1,2022-04-08 09:11:42
652,rb2210,SHFE,0_0_     1368160,     1594672,空,开,5047.0,6,2022-04-08 09:11:46
653,rb2210,SHFE,0_0_     1368160,     1594673,空,开,5047.0,2,2022-04-08 09:11:46
654,rb2210,SHFE,0_0_     1368243,     1595524,多,平今,5046.0,3,2022-04-08 09:11:53
655,rb2210,SHFE,0_0_     1368243,     1595527,多,平今,5046.0,1,2022-04-08 09:11:53
656,rb2210,SHFE,0_0_     1369340,     1595800,多,平今,5046.0,1,2022-04-08 09:11:55
657,rb2210,SHFE,0_0_     1370785,     1597263,空,开,5045.0,3,2022-04-08 09:12:05
658,rb2210,SHFE,0_0_     1371366,     1597668,多,平今,5045.0,1,2022-04-08 09:12:07
659,rb2210,SHFE,0_0_     1354755,     1598013,多,开,5044.0,1,2022-04-08 09:12:10
660,rb2210,SHFE,0_0_     1354755,     1598056,多,开,5044.0,1,2022-04-08 09:12:10
661,rb2210,SHFE,0_0_     1354755,     1598085,多,开,5044.0,1,2022-04-08 09:12:11
662,rb2210,SHFE,0_0_     1371808,     1598526,空,开,5045.0,3,2022-04-08 09:12:13
663,rb2210,SHFE,0_0_     1372265,     1598691,多,平今,5044.0,3,2022-04-08 09:12:15
664,rb2210,SHFE,0_0_     1372596,     1599163,多,平今,5044.0,1,2022-04-08 09:12:18
665,rb2210,SHFE,0_0_     1372512,     1599698,空,平今,5045.0,3,2022-04-08 09:12:21
666,rb2210,SHFE,0_0_     1375399,     1602930,多,开,5050.0,3,2022-04-08 09:12:39
667,rb2210,SHFE,0_0_     1375730,     1603422,空,平今,5051.0,2,2022-04-08 09:12:42
668,rb2210,SHFE,0_0_     1375730,     1603423,空,平今,5051.0,1,2022-04-08 09:12:42
669,rb2210,SHFE,0_0_     1375730,     1603429,空,平今,5051.0,1,2022-04-08 09:12:42
670,rb2210,SHFE,0_0_     1376170,     1603636,多,开,5050.0,4,2022-04-08 09:12:44
671,rb2210,SHFE,0_0_     1376503,     1604113,空,平今,5051.0,1,2022-04-08 09:12:49
672,rb2210,SHFE,0_0_     1376503,     1604114,空,平今,5051.0,3,2022-04-08 09:12:49
673,rb2210,SHFE,0_0_     1380147,     1607587,多,开,5048.0,8,2022-04-08 09:13:15
674,rb2210,SHFE,0_0_     1382072,     1614137,空,平今,5048.0,3,2022-04-08 09:14:17
675,rb2210,SHFE,0_0_     1380651,     1614652,空,平今,5049.0,1,2022-04-08 09:14:22
676,rb2210,SHFE,0_0_     1389020,     1615117,多,开,5048.0,1,2022-04-08 09:14:27
677,rb2210,SHFE,0_0_     1389020,     1615118,多,开,5048.0,1,2022-04-08 09:14:27
678,rb2210,SHFE,0_0_     1390302,     1616088,空,平今,5049.0,1,2022-04-08 09:14:34
679,rb2210,SHFE,0_0_     1390633,     1616241,多,开,5048.0,1,2022-04-08 09:14:35
680,rb2210,SHFE,0_0_     1390633,     1616274,多,开,5048.0,1,2022-04-08 09:14:36
681,rb2210,SHFE,0_0_     1390633,     1616433,多,开,5048.0,1,2022-04-08 09:14:37
682,rb2210,SHFE,0_0_     1391622,     1618544,空,平今,5049.0,3,2022-04-08 09:14:59
683,rb2210,SHFE,0_0_     1391622,     1618745,空,平今,5049.0,1,2022-04-08 09:15:00
684,rb2210,SHFE,0_0_     1394440,     1619129,多,平今,5048.0,1,2022-04-08 09:15:02
685,rb2210,SHFE,0_0_     1373444,     1631891,多,平今,5044.0,3,2022-04-08 09:16:46
686,rb2210,SHFE,0_0_     1408405,     1632120,空,开,5045.0,3,2022-04-08 09:16:48
687,rb2210,SHFE,0_0_     1406546,     1633193,空,平今,5047.0,1,2022-04-08 09:16:59
688,rb2210,SHFE,0_0_     1406546,     1633205,空,平今,5047.0,1,2022-04-08 09:16:59
689,rb2210,SHFE,0_0_     1409650,     1633401,多,开,5046.0,2,2022-04-08 09:17:00
690,rb2210,SHFE,0_0_     1409794,     1634005,多,开,5046.0,1,2022-04-08 09:17:02
691,rb2210,SHFE,0_0_     1408562,     1640812,多,平今,5044.0,1,2022-04-08 09:18:00
692,rb2210,SHFE,0_0_     1408562,     1640848,多,平今,5044.0,2,2022-04-08 09:18:00
693,rb2210,SHFE,0_0_     1422048,     1646375,空,平今,5048.0,3,2022-04-08 09:18:44
694,rb2210,SHFE,0_0_     1422482,     1653566,空,开,5048.0,2,2022-04-08 09:19:50
695,rb2210,SHFE,0_0_     1422482,     1653594,空,开,5048.0,6,2022-04-08 09:19:50
696,rb2210,SHFE,0_0_     1430008,     1655580,多,平今,5047.0,2,2022-04-08 09:20:03
697,rb2210,SHFE,0_0_     1396962,     1657175,空,平今,5050.0,1,2022-04-08 09:20:16
698,rb2210,SHFE,0_0_     1433579,     1657204,多,开,5049.0,1,2022-04-08 09:20:16
699,rb2210,SHFE,0_0_     1436090,     1660636,空,平今,5052.0,1,2022-04-08 09:20:36
700,rb2210,SHFE,0_0_     1436584,     1661247,空,平今,5051.0,1,2022-04-08 09:20:38
701,rb2210,SHFE,0_0_     1439458,     1664531,多,开,5050.0,3,2022-04-08 09:21:03
702,rb2210,SHFE,0_0_     1439553,     1664617,多,开,5050.0,5,2022-04-08 09:21:04
703,rb2210,SHFE,0_0_     1430008,     1667449,多,平今,5047.0,1,2022-04-08 09:21:14
704,rb2210,SHFE,0_0_     1430008,     1667521,多,平今,5047.0,1,2022-04-08 09:21:15
705,rb2210,SHFE,0_0_     1430008,     1667577,多,平今,5047.0,1,2022-04-08 09:21:15
706,rb2210,SHFE,0_0_     1430008,     1667633,多,平今,5047.0,1,2022-04-08 09:21:16
707,rb2210,SHFE,0_0_     1430008,     1667678,多,平今,5047.0,2,2022-04-08 09:21:16
708,rb2210,SHFE,0_0_     1442662,     1667975,空,开,5047.0,1,2022-04-08 09:21:19
709,rb2210,SHFE,0_0_     1442662,     1667976,空,开,5047.0,1,2022-04-08 09:21:19
710,rb2210,SHFE,0_0_     1442662,     1667977,空,开,5047.0,2,2022-04-08 09:21:19
711,rb2210,SHFE,0_0_     1442662,     1667978,空,开,5047.0,1,2022-04-08 09:21:19
712,rb2210,SHFE,0_0_     1442662,     1667979,空,开,5047.0,1,2022-04-08 09:21:19
713,rb2210,SHFE,0_0_     1442662,     1668042,空,开,5047.0,1,2022-04-08 09:21:19
714,rb2210,SHFE,0_0_     1442662,     1668045,空,开,5047.0,1,2022-04-08 09:21:19
715,rb2210,SHFE,0_0_     1445054,     1670227,多,平今,5047.0,2,2022-04-08 09:21:35
716,rb2210,SHFE,0_0_     1447899,     1672206,多,平今,5045.0,1,2022-04-08 09:21:54
717,rb2210,SHFE,0_0_     1448931,     1673549,多,平今,5045.0,3,2022-04-08 09:22:04
718,rb2210,SHFE,0_0_     1449445,     1674693,空,开,5046.0,4,2022-04-08 09:22:14
719,rb2210,SHFE,0_0_     1450930,     1674711,多,平今,5045.0,4,2022-04-08 09:22:14
720,rb2210,SHFE,0_0_     1450941,     1674727,空,开,5046.0,1,2022-04-08 09:22:15
721,rb2210,SHFE,0_0_     1450941,     1674729,空,开,5046.0,1,2022-04-08 09:22:15
722,rb2210,SHFE,0_0_     1450941,     1674749,空,开,5046.0,2,2022-04-08 09:22:15
723,rb2210,SHFE,0_0_     1450961,     1680648,多,平今,5045.0,4,2022-04-08 09:23:07
724,rb2210,SHFE,0_0_     1457498,     1681795,空,平今,5045.0,1,2022-04-08 09:23:22
725,rb2210,SHFE,0_0_     1457498,     1681804,空,平今,5045.0,1,2022-04-08 09:23:22
726,rb2210,SHFE,0_0_     1459542,     1682653,多,平今,5044.0,1,2022-04-08 09:23:28
727,rb2210,SHFE,0_0_     1459264,     1682865,空,开,5045.0,2,2022-04-08 09:23:30
728,rb2210,SHFE,0_0_     1460658,     1683780,多,平今,5044.0,1,2022-04-08 09:23:39
729,rb2210,SHFE,0_0_     1457330,     1684883,空,开,5046.0,3,2022-04-08 09:23:53
730,rb2210,SHFE,0_0_     1457330,     1684927,空,开,5046.0,1,2022-04-08 09:23:54
731,rb2210,SHFE,0_0_     1463268,     1684983,多,平今,5045.0,1,2022-04-08 09:23:54
732,rb2210,SHFE,0_0_     1461533,     1686119,多,平今,5044.0,1,2022-04-08 09:24:05
733,rb2210,SHFE,0_0_     1445202,     1689575,空,平今,5048.0,1,2022-04-08 09:24:34
734,rb2210,SHFE,0_0_     1445202,     1689628,空,平今,5048.0,1,2022-04-08 09:24:35
735,rb2210,SHFE,0_0_     1445202,     1689754,空,平今,5048.0,1,2022-04-08 09:24:37
736,rb2210,SHFE,0_0_     1469962,     1689973,多,开,5047.0,1,2022-04-08 09:24:39
737,rb2210,SHFE,0_0_     1471436,     1691046,空,开,5045.0,4,2022-04-08 09:24:50
738,rb2210,SHFE,0_0_     1473230,     1695434,多,平今,5045.0,2,2022-04-08 09:25:32
739,rb2210,SHFE,0_0_     1464847,     1695795,多,平今,5044.0,2,2022-04-08 09:25:35
740,rb2210,SHFE,0_0_     1464847,     1695963,多,平今,5044.0,2,2022-04-08 09:25:37
741,rb2210,SHFE,0_0_     1479337,     1698401,空,开,5041.0,4,2022-04-08 09:25:46
742,rb2210,SHFE,0_0_     1480473,     1699367,多,平今,5040.0,1,2022-04-08 09:25:56
743,rb2210,SHFE,0_0_     1480473,     1699368,多,平今,5040.0,1,2022-04-08 09:25:56
744,rb2210,SHFE,0_0_     1482255,     1701627,空,平今,5040.0,3,2022-04-08 09:26:13
745,rb2210,SHFE,0_0_     1490418,     1708748,多,平今,5039.0,1,2022-04-08 09:27:14
746,rb2210,SHFE,0_0_     1494774,     1715439,多,平今,5039.0,1,2022-04-08 09:28:11
747,rb2210,SHFE,0_0_     1494774,     1715636,多,平今,5039.0,1,2022-04-08 09:28:12
748,rb2210,SHFE,0_0_     1504816,     1724105,多,平今,5042.0,1,2022-04-08 09:29:43
749,rb2210,SHFE,0_0_     1508258,     1726133,多,开,5045.0,2,2022-04-08 09:30:03
750,rb2210,SHFE,0_0_     1517019,     1734136,多,开,5048.0,2,2022-04-08 09:31:16
751,rb2210,SHFE,0_0_     1517397,     1734243,空,平今,5049.0,1,2022-04-08 09:31:17
752,rb2210,SHFE,0_0_     1517397,     1734247,空,平今,5049.0,1,2022-04-08 09:31:17
753,rb2210,SHFE,0_0_     1522663,     1738876,多,开,5051.0,3,2022-04-08 09:32:00
754,rb2210,SHFE,0_0_     1524035,     1742535,多,开,5053.0,2,2022-04-08 09:32:18
755,rb2210,SHFE,0_0_     1525824,     1742742,空,平今,5053.0,4,2022-04-08 09:32:19
756,rb2210,SHFE,0_0_     1529033,     1746278,空,平今,5051.0,4,2022-04-08 09:32:55
757,rb2210,SHFE,0_0_     1532728,     1749112,空,开,5049.0,7,2022-04-08 09:33:35
758,rb2210,SHFE,0_0_     1537302,     1753926,多,平今,5053.0,2,2022-04-08 09:34:21
759,rb2210,SHFE,0_0_     1538791,     1755469,多,开,5055.0,4,2022-04-08 09:34:31
760,rb2210,SHFE,0_0_     1539161,     1756754,多,平今,5057.0,1,2022-04-08 09:34:36
761,rb2210,SHFE,0_0_     1539591,     1757122,多,开,5057.0,1,2022-04-08 09:34:38
762,rb2210,SHFE,0_0_     1540339,     1758061,空,平今,5058.0,3,2022-04-08 09:34:44
763,rb2210,SHFE,0_0_     1538452,     1761807,多,开,5054.0,2,2022-04-08 09:35:05
764,rb2210,SHFE,0_0_     1544812,     1763370,空,平今,5055.0,1,2022-04-08 09:35:20
765,rb2210,SHFE,0_0_     1555044,     1773143,空,平今,5052.0,1,2022-04-08 09:36:50
766,rb2210,SHFE,0_0_     1535495,     1780326,多,平今,5049.0,4,2022-04-08 09:38:18
767,rb2210,SHFE,0_0_     1562435,     1780807,空,开,5050.0,4,2022-04-08 09:38:24
768,rb2210,SHFE,0_0_     1563130,     1781234,多,平今,5049.0,3,2022-04-08 09:38:28
769,rb2210,SHFE,0_0_     1563130,     1781243,多,平今,5049.0,1,2022-04-08 09:38:28
770,rb2210,SHFE,0_0_     1575417,     1791827,空,开,5053.0,3,2022-04-08 09:40:21
771,rb2210,SHFE,0_0_     1577544,     1793415,空,平今,5052.0,1,2022-04-08 09:40:42
772,rb2210,SHFE,0_0_     1545973,     1796810,空,平今,5056.0,1,2022-04-08 09:41:13
773,rb2210,SHFE,0_0_     1582625,     1798410,多,平今,5055.0,1,2022-04-08 09:41:26
774,rb2210,SHFE,0_0_     1582702,     1798621,空,开,5056.0,1,2022-04-08 09:41:28
775,rb2210,SHFE,0_0_     1584833,     1801510,空,开,5059.0,4,2022-04-08 09:41:46
776,rb2210,SHFE,0_0_     1582864,     1811995,多,平今,5055.0,1,2022-04-08 09:42:53
777,rb2210,SHFE,0_0_     1592287,     1812066,空,开,5056.0,1,2022-04-08 09:42:54
778,rb2210,SHFE,0_0_     1593451,     1815159,多,平今,5058.0,3,2022-04-08 09:43:10
779,rb2210,SHFE,0_0_     1593451,     1815161,多,平今,5058.0,1,2022-04-08 09:43:10
780,rb2210,SHFE,0_0_     1595958,     1830962,空,开,5059.0,1,2022-04-08 09:44:55
781,rb2210,SHFE,0_0_     1595958,     1831082,空,开,5059.0,1,2022-04-08 09:44:56
782,rb2210,SHFE,0_0_     1608904,     1831833,多,平今,5058.0,1,2022-04-08 09:45:00
783,rb2210,SHFE,0_0_     1613426,     1837979,多,开,5064.0,4,2022-04-08 09:45:36
784,rb2210,SHFE,0_0_     1614402,     1839060,空,平今,5063.0,2,2022-04-08 09:45:45
785,rb2210,SHFE,0_0_     1615768,     1840772,多,开,5063.0,1,2022-04-08 09:45:57
786,rb2210,SHFE,0_0_     1615768,     1840774,多,开,5063.0,1,2022-04-08 09:45:57
787,rb2210,SHFE,0_0_     1615646,     1841141,多,平今,5062.0,3,2022-04-08 09:46:02
788,rb2210,SHFE,0_0_     1616295,     1841369,空,开,5062.0,2,2022-04-08 09:46:04
789,rb2210,SHFE,0_0_     1617145,     1842629,空,开,5061.000000000001,1,2022-04-08 09:46:13
790,rb2210,SHFE,0_0_     1611700,     1844660,多,开,5059.0,3,2022-04-08 09:46:32
791,rb2210,SHFE,0_0_     1611700,     1844661,多,开,5059.0,1,2022-04-08 09:46:32
792,rb2210,SHFE,0_0_     1619370,     1845052,空,平今,5059.0,1,2022-04-08 09:46:37
793,rb2210,SHFE,0_0_     1619520,     1845265,空,平今,5059.0,1,2022-04-08 09:46:39
794,rb2210,SHFE,0_0_     1592326,     1859246,多,平今,5055.0,1,2022-04-08 09:49:05
795,rb2210,SHFE,0_0_     1635527,     1862094,空,平今,5053.0,2,2022-04-08 09:49:27
796,rb2210,SHFE,0_0_     1647798,     1874466,多,平今,5048.0,1,2022-04-08 09:51:05
797,rb2210,SHFE,0_0_     1657095,     1884549,多,平今,5045.0,1,2022-04-08 09:52:44
798,rb2210,SHFE,0_0_     1658533,     1886638,空,平今,5047.0,4,2022-04-08 09:53:05
799,rb2210,SHFE,0_0_     1658862,     1891593,多,开,5046.0,4,2022-04-08 09:54:00
800,rb2210,SHFE,0_0_     1664687,     1891853,空,平今,5047.0,2,2022-04-08 09:54:02
801,rb2210,SHFE,0_0_     1663033,     1892748,空,开,5049.0,1,2022-04-08 09:54:13
802,rb2210,SHFE,0_0_     1665887,     1893811,多,平今,5049.000000000001,2,2022-04-08 09:54:29
803,rb2210,SHFE,0_0_     1667899,     1895356,空,开,5049.0,4,2022-04-08 09:54:48
804,rb2210,SHFE,0_0_     1668571,     1895388,多,平今,5048.0,1,2022-04-08 09:54:48
805,rb2210,SHFE,0_0_     1668571,     1895411,多,平今,5048.0,1,2022-04-08 09:54:48
806,rb2210,SHFE,0_0_     1668571,     1895808,多,平今,5048.0,1,2022-04-08 09:54:51
807,rb2210,SHFE,0_0_     1668571,     1896517,多,平今,5048.0,1,2022-04-08 09:55:03
808,rb2210,SHFE,0_0_     1669896,     1896659,空,平今,5049.0,1,2022-04-08 09:55:04
809,rb2210,SHFE,0_0_     1670304,     1898938,多,开,5048.0,1,2022-04-08 09:55:42
810,rb2210,SHFE,0_0_     1673800,     1899051,空,平今,5049.0,1,2022-04-08 09:55:44
811,rb2210,SHFE,0_0_     1673969,     1899381,空,开,5050.0,1,2022-04-08 09:55:47
812,rb2210,SHFE,0_0_     1673969,     1899441,空,开,5050.0,1,2022-04-08 09:55:48
813,rb2210,SHFE,0_0_     1673969,     1899575,空,开,5050.0,1,2022-04-08 09:55:51
814,rb2210,SHFE,0_0_     1673969,     1899629,空,开,5050.0,2,2022-04-08 09:55:52
815,rb2210,SHFE,0_0_     1673969,     1899677,空,开,5050.0,2,2022-04-08 09:55:54
816,rb2210,SHFE,0_0_     1674663,     1899964,多,平今,5050.0,1,2022-04-08 09:55:58
817,rb2210,SHFE,0_0_     1674874,     1900245,多,平今,5050.0,2,2022-04-08 09:56:01
818,rb2210,SHFE,0_0_     1673911,     1900925,多,开,5048.0,2,2022-04-08 09:56:14
819,rb2210,SHFE,0_0_     1677327,     1902178,空,平今,5047.0,1,2022-04-08 09:56:38
820,rb2210,SHFE,0_0_     1665034,     1902515,多,开,5046.0,2,2022-04-08 09:56:44
821,rb2210,SHFE,0_0_     1677703,     1903127,空,开,5046.0,1,2022-04-08 09:56:52
822,rb2210,SHFE,0_0_     1677703,     1903308,空,开,5046.0,1,2022-04-08 09:56:54
823,rb2210,SHFE,0_0_     1677703,     1903314,空,开,5046.0,1,2022-04-08 09:56:54
824,rb2210,SHFE,0_0_     1677703,     1903315,空,开,5046.0,1,2022-04-08 09:56:54
825,rb2210,SHFE,0_0_     1677691,     1903822,空,平今,5047.0,2,2022-04-08 09:57:01
826,rb2210,SHFE,0_0_     1678766,     1904078,多,平今,5046.0,1,2022-04-08 09:57:03
827,rb2210,SHFE,0_0_     1678766,     1904080,多,平今,5046.0,1,2022-04-08 09:57:03
828,rb2210,SHFE,0_0_     1678890,     1904144,空,平今,5047.0,2,2022-04-08 09:57:04
829,rb2210,SHFE,0_0_     1678981,     1909066,多,平今,5046.0,2,2022-04-08 09:58:21
830,rb2210,SHFE,0_0_     1685614,     1910757,多,平今,5044.0,1,2022-04-08 09:58:45
831,rb2210,SHFE,0_0_     1686457,     1911434,空,开,5045.0,1,2022-04-08 09:58:55
832,rb2210,SHFE,0_0_     1686457,     1911545,空,开,5045.0,1,2022-04-08 09:58:56
833,rb2210,SHFE,0_0_     1687759,     1913824,多,平今,5044.0,2,2022-04-08 09:59:17
834,rb2210,SHFE,0_0_     1689394,     1915394,多,开,5040.0,2,2022-04-08 09:59:23
835,rb2210,SHFE,0_0_     1689394,     1915396,多,开,5040.0,2,2022-04-08 09:59:23
836,rb2210,SHFE,0_0_     1689548,     1915642,多,平今,5040.0,1,2022-04-08 09:59:25
837,rb2210,SHFE,0_0_     1691229,     1917409,空,开,5039.0,1,2022-04-08 09:59:40
838,rb2210,SHFE,0_0_     1691229,     1917414,空,开,5039.0,1,2022-04-08 09:59:40
839,rb2210,SHFE,0_0_     1691229,     1917418,空,开,5039.0,1,2022-04-08 09:59:40
840,rb2210,SHFE,0_0_     1691229,     1917432,空,开,5039.0,1,2022-04-08 09:59:40
841,rb2210,SHFE,0_0_     1691365,     1917492,多,平今,5038.0,1,2022-04-08 09:59:40
842,rb2210,SHFE,0_0_     1694454,     1923100,多,平今,5038.0,4,2022-04-08 10:00:04
843,rb2210,SHFE,0_0_     1695221,     1924009,空,开,5038.0,1,2022-04-08 10:00:09
844,rb2210,SHFE,0_0_     1695221,     1924010,空,开,5038.0,1,2022-04-08 10:00:09
845,rb2210,SHFE,0_0_     1694557,     1924037,空,开,5039.0,4,2022-04-08 10:00:09
846,rb2210,SHFE,0_0_     1695403,     1924177,多,平今,5038.0,6,2022-04-08 10:00:09
847,rb2210,SHFE,0_0_     1696442,     1924836,空,开,5039.0,3,2022-04-08 10:00:15
848,rb2210,SHFE,0_0_     1689687,     1931812,空,平今,5041.0,1,2022-04-08 10:01:15
849,rb2210,SHFE,0_0_     1689687,     1931815,空,平今,5041.0,1,2022-04-08 10:01:15
850,rb2210,SHFE,0_0_     1689687,     1931823,空,平今,5041.0,1,2022-04-08 10:01:15
851,rb2210,SHFE,0_0_     1689687,     1931835,空,平今,5041.0,1,2022-04-08 10:01:15
852,rb2210,SHFE,0_0_     1707804,     1937592,多,平今,5042.0,1,2022-04-08 10:02:14
853,rb2210,SHFE,0_0_     1709611,     1940541,多,开,5042.0,4,2022-04-08 10:02:44
854,rb2210,SHFE,0_0_     1712337,     1941761,空,平今,5043.0,3,2022-04-08 10:02:57
855,rb2210,SHFE,0_0_     1712337,     1941767,空,平今,5043.0,1,2022-04-08 10:02:57
856,rb2210,SHFE,0_0_     1714466,     1942279,多,开,5042.0,2,2022-04-08 10:02:59
857,rb2210,SHFE,0_0_     1714466,     1942280,多,开,5042.0,2,2022-04-08 10:02:59
858,rb2210,SHFE,0_0_     1703321,     1943407,多,开,5040.0,3,2022-04-08 10:03:09
859,rb2210,SHFE,0_0_     1702820,     1943918,多,平今,5039.0,2,2022-04-08 10:03:14
860,rb2210,SHFE,0_0_     1716985,     1945152,空,平今,5039.0,2,2022-04-08 10:03:24
861,rb2210,SHFE,0_0_     1716720,     1945694,空,平今,5040.0,1,2022-04-08 10:03:27
862,rb2210,SHFE,0_0_     1717484,     1945971,多,平今,5039.0,1,2022-04-08 10:03:29
863,rb2210,SHFE,0_0_     1719547,     1947725,空,开,5038.0,6,2022-04-08 10:03:46
864,rb2210,SHFE,0_0_     1722631,     1953422,多,平今,5037.0,2,2022-04-08 10:04:43
865,rb2210,SHFE,0_0_     1734260,     1960690,空,平今,5034.0,4,2022-04-08 10:06:05
866,rb2210,SHFE,0_0_     1734860,     1961301,多,平今,5032.0,3,2022-04-08 10:06:09
867,rb2210,SHFE,0_0_     1735506,     1962865,多,平今,5031.0,1,2022-04-08 10:06:18
868,rb2210,SHFE,0_0_     1741794,     1971101,多,开,5029.0,3,2022-04-08 10:06:58
869,rb2210,SHFE,0_0_     1741794,     1971102,多,开,5029.0,1,2022-04-08 10:06:58
870,rb2210,SHFE,0_0_     1741794,     1971103,多,开,5029.0,1,2022-04-08 10:06:58
871,rb2210,SHFE,0_0_     1740486,     1971185,空,开,5030.0,6,2022-04-08 10:06:58
872,rb2210,SHFE,0_0_     1741902,     1971628,多,平今,5029.0,4,2022-04-08 10:06:59
873,rb2210,SHFE,0_0_     1742060,     1971746,空,平今,5030.0,1,2022-04-08 10:06:59
874,rb2210,SHFE,0_0_     1742060,     1971758,空,平今,5030.0,1,2022-04-08 10:06:59
875,rb2210,SHFE,0_0_     1742060,     1971791,空,平今,5030.0,1,2022-04-08 10:06:59
876,rb2210,SHFE,0_0_     1742060,     1971805,空,平今,5030.0,1,2022-04-08 10:06:59
877,rb2210,SHFE,0_0_     1742161,     1971812,多,开,5029.0,3,2022-04-08 10:06:59
878,rb2210,SHFE,0_0_     1742184,     1971930,空,平今,5030.0,3,2022-04-08 10:07:00
879,rb2210,SHFE,0_0_     1742433,     1972126,空,开,5030.0,3,2022-04-08 10:07:01
880,rb2210,SHFE,0_0_     1742619,     1972396,空,开,5031.0,1,2022-04-08 10:07:04
881,rb2210,SHFE,0_0_     1742619,     1972397,空,开,5031.0,1,2022-04-08 10:07:04
882,rb2210,SHFE,0_0_     1746101,     1976116,多,平今,5032.0,4,2022-04-08 10:07:33
883,rb2210,SHFE,0_0_     1748363,     1978810,空,开,5031.0,3,2022-04-08 10:07:56
884,rb2210,SHFE,0_0_     1749071,     1979091,多,平今,5031.0,1,2022-04-08 10:07:58
885,rb2210,SHFE,0_0_     1749109,     1979159,多,平今,5031.0,1,2022-04-08 10:07:58
886,rb2210,SHFE,0_0_     1753636,     1983641,多,平今,5037.0,1,2022-04-08 10:08:43
887,rb2210,SHFE,0_0_     1753636,     1983642,多,平今,5037.0,1,2022-04-08 10:08:43
888,rb2210,SHFE,0_0_     1753636,     1983655,多,平今,5037.0,1,2022-04-08 10:08:43
889,rb2210,SHFE,0_0_     1753750,     1983911,空,开,5037.0,4,2022-04-08 10:08:44
890,rb2210,SHFE,0_0_     1752168,     1988455,多,平今,5033.0,1,2022-04-08 10:09:29
891,rb2210,SHFE,0_0_     1759289,     1988456,空,平今,5034.0,1,2022-04-08 10:09:29
892,rb2210,SHFE,0_0_     1773890,     2002232,多,平今,5034.0,1,2022-04-08 10:12:05
893,rb2210,SHFE,0_0_     1742270,     2006826,多,开,5029.0,3,2022-04-08 10:12:53
894,rb2210,SHFE,0_0_     1778809,     2006895,空,平今,5030.0,3,2022-04-08 10:12:53
895,rb2210,SHFE,0_0_     1778848,     2007009,多,平今,5029.0,3,2022-04-08 10:12:54
896,rb2210,SHFE,0_0_     1778896,     2007056,空,开,5030.0,2,2022-04-08 10:12:54
897,rb2210,SHFE,0_0_     1778896,     2007057,空,开,5030.0,1,2022-04-08 10:12:54
898,rb2210,SHFE,0_0_     1778941,     2007147,多,平今,5029.0,3,2022-04-08 10:12:55
899,rb2210,SHFE,0_0_     1778978,     2007151,空,开,5030.0,2,2022-04-08 10:12:55
900,rb2210,SHFE,0_0_     1778978,     2007153,空,开,5030.0,1,2022-04-08 10:12:55
901,rb2210,SHFE,0_0_     1778981,     2007170,多,平今,5029.0,3,2022-04-08 10:12:55
902,rb2210,SHFE,0_0_     1779791,     2008848,多,开,5026.0,2,2022-04-08 10:13:04
903,rb2210,SHFE,0_0_     1780034,     2009222,空,开,5027.0,4,2022-04-08 10:13:04
904,rb2210,SHFE,0_0_     1780109,     2009228,多,平今,5026.0,1,2022-04-08 10:13:04
905,rb2210,SHFE,0_0_     1780109,     2009229,多,平今,5026.0,3,2022-04-08 10:13:05
906,rb2210,SHFE,0_0_     1780110,     2010685,空,开,5027.0,3,2022-04-08 10:13:09
907,rb2210,SHFE,0_0_     1780788,     2010745,多,平今,5026.0,3,2022-04-08 10:13:09
908,rb2210,SHFE,0_0_     1780900,     2013126,多,开,5024.0,1,2022-04-08 10:13:22
909,rb2210,SHFE,0_0_     1782794,     2014225,空,平今,5025.0,1,2022-04-08 10:13:28
910,rb2210,SHFE,0_0_     1784159,     2014568,空,开,5024.0,3,2022-04-08 10:13:31
911,rb2210,SHFE,0_0_     1784159,     2014582,空,开,5024.0,1,2022-04-08 10:13:31
912,rb2210,SHFE,0_0_     1784400,     2014744,多,平今,5023.0,1,2022-04-08 10:13:32
913,rb2210,SHFE,0_0_     1784445,     2016849,空,平今,5024.0,1,2022-04-08 10:13:46
914,rb2210,SHFE,0_0_     1785364,     2017073,空,开,5024.0,2,2022-04-08 10:13:47
915,rb2210,SHFE,0_0_     1786031,     2018747,多,平今,5023.0,2,2022-04-08 10:13:57
916,rb2210,SHFE,0_0_     1791511,     2043227,多,平今,5015.0,2,2022-04-08 10:30:16
917,rb2210,SHFE,0_0_     1791527,     2043548,空,开,5015.0,4,2022-04-08 10:30:16
918,rb2210,SHFE,0_0_     1791540,     2044059,空,开,5014.0,1,2022-04-08 10:30:18
919,rb2210,SHFE,0_0_     1791540,     2044185,空,开,5014.0,1,2022-04-08 10:30:18
920,rb2210,SHFE,0_0_     1791540,     2044186,空,开,5014.0,1,2022-04-08 10:30:18
921,rb2210,SHFE,0_0_     1791551,     2044212,多,平今,5013.0,1,2022-04-08 10:30:18
922,rb2210,SHFE,0_0_     1791551,     2044213,多,平今,5013.0,1,2022-04-08 10:30:18
923,rb2210,SHFE,0_0_     1791552,     2046241,空,开,5014.0,2,2022-04-08 10:30:23
924,rb2210,SHFE,0_0_     1791607,     2046301,多,平今,5013.0,2,2022-04-08 10:30:23
925,rb2210,SHFE,0_0_     1791615,     2046428,空,开,5014.000000000001,1,2022-04-08 10:30:23
926,rb2210,SHFE,0_0_     1791615,     2046432,空,开,5014.0,1,2022-04-08 10:30:23
927,rb2210,SHFE,0_0_     1791617,     2046609,多,平今,5013.0,4,2022-04-08 10:30:24
928,rb2210,SHFE,0_0_     1791644,     2047212,多,开,5012.0,1,2022-04-08 10:30:26
929,rb2210,SHFE,0_0_     1791644,     2047296,多,开,5012.0,1,2022-04-08 10:30:26
930,rb2210,SHFE,0_0_     1791644,     2047314,多,开,5012.0,1,2022-04-08 10:30:26
931,rb2210,SHFE,0_0_     1791644,     2047328,多,开,5012.0,4,2022-04-08 10:30:26
932,rb2210,SHFE,0_0_     1791741,     2047404,空,平今,5013.0,3,2022-04-08 10:30:26
933,rb2210,SHFE,0_0_     1791633,     2047531,空,开,5014.0,2,2022-04-08 10:30:27
934,rb2210,SHFE,0_0_     1791633,     2047532,空,开,5014.0,1,2022-04-08 10:30:27
935,rb2210,SHFE,0_0_     1791633,     2047533,空,开,5014.0,1,2022-04-08 10:30:27
936,rb2210,SHFE,0_0_     1791751,     2047657,多,平今,5013.0,4,2022-04-08 10:30:27
937,rb2210,SHFE,0_0_     1792089,     2050565,空,平今,5015.0,4,2022-04-08 10:30:41
938,rb2210,SHFE,0_0_     1792113,     2054360,多,平今,5014.000000000001,4,2022-04-08 10:31:01
939,rb2210,SHFE,0_0_     1792805,     2054636,空,开,5015.0,1,2022-04-08 10:31:02
940,rb2210,SHFE,0_0_     1792805,     2054666,空,开,5015.0,3,2022-04-08 10:31:02
941,rb2210,SHFE,0_0_     1798351,     2069671,多,开,5016.0,1,2022-04-08 10:32:41
942,rb2210,SHFE,0_0_     1798351,     2069682,多,开,5016.0,3,2022-04-08 10:32:41
943,rb2210,SHFE,0_0_     1792864,     2071300,多,平今,5014.0,4,2022-04-08 10:32:54
944,rb2210,SHFE,0_0_     1792921,     2071474,多,开,5014.0,1,2022-04-08 10:32:56
945,rb2210,SHFE,0_0_     1792921,     2071476,多,开,5014.0,1,2022-04-08 10:32:56
946,rb2210,SHFE,0_0_     1799600,     2072644,空,平今,5015.0,2,2022-04-08 10:33:04
947,rb2210,SHFE,0_0_     1799623,     2072651,空,平今,5015.0,1,2022-04-08 10:33:04
948,rb2210,SHFE,0_0_     1800358,     2072912,多,开,5014.0,1,2022-04-08 10:33:05
949,rb2210,SHFE,0_0_     1800442,     2073862,多,开,5013.0,1,2022-04-08 10:33:08
950,rb2210,SHFE,0_0_     1801181,     2074870,空,平今,5014.0,4,2022-04-08 10:33:14
951,rb2210,SHFE,0_0_     1801483,     2075025,多,开,5013.0,4,2022-04-08 10:33:15
952,rb2210,SHFE,0_0_     1801841,     2075245,多,开,5014.0,2,2022-04-08 10:33:17
953,rb2210,SHFE,0_0_     1802002,     2077425,空,平今,5014.0,1,2022-04-08 10:33:28
954,rb2210,SHFE,0_0_     1802002,     2077520,空,平今,5014.0,1,2022-04-08 10:33:29
955,rb2210,SHFE,0_0_     1802002,     2077567,空,平今,5014.0,2,2022-04-08 10:33:29
956,rb2210,SHFE,0_0_     1800397,     2077709,空,开,5015.0,5,2022-04-08 10:33:30
957,rb2210,SHFE,0_0_     1803486,     2077745,多,平今,5014.0,4,2022-04-08 10:33:30
958,rb2210,SHFE,0_0_     1803486,     2077777,多,平今,5014.0,1,2022-04-08 10:33:30
959,rb2210,SHFE,0_0_     1803596,     2077898,空,平今,5015.0,1,2022-04-08 10:33:31
960,rb2210,SHFE,0_0_     1799393,     2078096,空,平今,5016.0,1,2022-04-08 10:33:32
961,rb2210,SHFE,0_0_     1799393,     2078097,空,平今,5016.0,1,2022-04-08 10:33:32
962,rb2210,SHFE,0_0_     1803835,     2079130,多,开,5015.0,1,2022-04-08 10:33:41
963,rb2210,SHFE,0_0_     1796202,     2081586,空,开,5020.0,2,2022-04-08 10:34:02
964,rb2210,SHFE,0_0_     1807561,     2085815,空,平今,5024.0,1,2022-04-08 10:34:33
965,rb2210,SHFE,0_0_     1809364,     2085823,多,开,5023.0,1,2022-04-08 10:34:33
966,rb2210,SHFE,0_0_     1809364,     2085826,多,开,5023.0,3,2022-04-08 10:34:33
967,rb2210,SHFE,0_0_     1809409,     2085932,空,平今,5024.0,3,2022-04-08 10:34:34
968,rb2210,SHFE,0_0_     1809483,     2086044,多,开,5024.0,3,2022-04-08 10:34:35
969,rb2210,SHFE,0_0_     1811703,     2090085,空,平今,5026.0,1,2022-04-08 10:35:02
970,rb2210,SHFE,0_0_     1812291,     2090231,多,平今,5025.0,1,2022-04-08 10:35:03
971,rb2210,SHFE,0_0_     1822830,     2100706,多,开,5023.0,2,2022-04-08 10:36:20
972,rb2210,SHFE,0_0_     1829428,     2108613,空,平今,5023.0,1,2022-04-08 10:37:23
973,rb2210,SHFE,0_0_     1831110,     2112266,空,平今,5022.0,4,2022-04-08 10:37:45
974,rb2210,SHFE,0_0_     1837897,     2118493,空,开,5018.0,2,2022-04-08 10:38:17
975,rb2210,SHFE,0_0_     1838973,     2120077,多,平今,5017.0,1,2022-04-08 10:38:27
976,rb2210,SHFE,0_0_     1840020,     2121192,多,开,5014.0,4,2022-04-08 10:38:38
977,rb2210,SHFE,0_0_     1840063,     2121236,空,平今,5015.0,4,2022-04-08 10:38:38
978,rb2210,SHFE,0_0_     1840067,     2121333,多,开,5014.0,1,2022-04-08 10:38:38
979,rb2210,SHFE,0_0_     1840067,     2121345,多,开,5014.0,1,2022-04-08 10:38:38
980,rb2210,SHFE,0_0_     1840067,     2121348,多,开,5014.0,1,2022-04-08 10:38:38
981,rb2210,SHFE,0_0_     1840067,     2121353,多,开,5014.0,1,2022-04-08 10:38:38
982,rb2210,SHFE,0_0_     1840182,     2121930,多,开,5014.0,3,2022-04-08 10:38:41
983,rb2210,SHFE,0_0_     1840596,     2122211,空,平今,5015.0,5,2022-04-08 10:38:42
984,rb2210,SHFE,0_0_     1840798,     2124722,空,平今,5015.0,1,2022-04-08 10:38:57
985,rb2210,SHFE,0_0_     1840798,     2124759,空,平今,5015.0,2,2022-04-08 10:38:57
986,rb2210,SHFE,0_0_     1842809,     2124796,多,开,5014.0,3,2022-04-08 10:38:57
987,rb2210,SHFE,0_0_     1846613,     2131046,空,开,5013.0,4,2022-04-08 10:39:31
988,rb2210,SHFE,0_0_     1848094,     2133419,空,开,5011.0,2,2022-04-08 10:39:43
989,rb2210,SHFE,0_0_     1846908,     2138967,空,平今,5013.0,3,2022-04-08 10:40:02
990,rb2210,SHFE,0_0_     1859802,     2149584,多,开,5015.0,6,2022-04-08 10:41:07
991,rb2210,SHFE,0_0_     1859560,     2150158,多,平今,5013.0,4,2022-04-08 10:41:12
992,rb2210,SHFE,0_0_     1861057,     2151676,空,平今,5014.0,1,2022-04-08 10:41:20
993,rb2210,SHFE,0_0_     1876163,     2169005,空,平今,5023.0,1,2022-04-08 10:43:21
994,rb2210,SHFE,0_0_     1876559,     2169188,多,平今,5022.0,1,2022-04-08 10:43:22
995,rb2210,SHFE,0_0_     1879998,     2172920,空,平今,5021.0,3,2022-04-08 10:44:02
996,rb2210,SHFE,0_0_     1881071,     2174446,空,平今,5021.0,1,2022-04-08 10:44:14
997,rb2210,SHFE,0_0_     1881878,     2174788,多,开,5020.0,4,2022-04-08 10:44:19
998,rb2210,SHFE,0_0_     1882606,     2175026,空,平今,5019.0,4,2022-04-08 10:44:20
999,rb2210,SHFE,0_0_     1862662,     2177870,多,开,5014.0,3,2022-04-08 10:44:49
1000,rb2210,SHFE,0_0_     1885902,     2178627,空,平今,5015.0,2,2022-04-08 10:44:53
1001,rb2210,SHFE,0_0_     1885902,     2178702,空,平今,5015.0,1,2022-04-08 10:44:53
1002,rb2210,SHFE,0_0_     1886332,     2178811,多,平今,5014.0,1,2022-04-08 10:44:54
1003,rb2210,SHFE,0_0_     1888096,     2181667,空,开,5010.0,3,2022-04-08 10:45:06
1004,rb2210,SHFE,0_0_     1888764,     2183949,多,平今,5009.0,1,2022-04-08 10:45:13
1005,rb2210,SHFE,0_0_     1888764,     2183966,多,平今,5009.0,3,2022-04-08 10:45:13
1006,rb2210,SHFE,0_0_     1889633,     2185570,多,开,5009.0,3,2022-04-08 10:45:22
1007,rb2210,SHFE,0_0_     1890751,     2185895,空,平今,5010.0,2,2022-04-08 10:45:24
1008,rb2210,SHFE,0_0_     1895651,     2190532,多,开,5016.0,3,2022-04-08 10:45:59
1009,rb2210,SHFE,0_0_     1895741,     2191114,空,平今,5017.0,2,2022-04-08 10:46:02
1010,rb2210,SHFE,0_0_     1896215,     2191348,空,平今,5018.0,1,2022-04-08 10:46:04
1011,rb2210,SHFE,0_0_     1896408,     2191730,多,开,5017.0,1,2022-04-08 10:46:06
1012,rb2210,SHFE,0_0_     1903808,     2199001,多,开,5018.0,3,2022-04-08 10:47:11
1013,rb2210,SHFE,0_0_     1908724,     2203308,空,平今,5017.0,1,2022-04-08 10:48:01
1014,rb2210,SHFE,0_0_     1913205,     2208426,空,平今,5022.0,1,2022-04-08 10:48:55
1015,rb2210,SHFE,0_0_     1917932,     2213339,空,平今,5018.0,1,2022-04-08 10:49:53
1016,rb2210,SHFE,0_0_     1909412,     2214039,多,开,5017.0,4,2022-04-08 10:50:01
1017,rb2210,SHFE,0_0_     1919115,     2214190,空,开,5017.000000000001,4,2022-04-08 10:50:02
1018,rb2210,SHFE,0_0_     1923729,     2220443,空,平今,5013.0,2,2022-04-08 10:50:55
1019,rb2210,SHFE,0_0_     1925208,     2220484,多,平今,5012.0,1,2022-04-08 10:50:55
1020,rb2210,SHFE,0_0_     1925208,     2220501,多,平今,5012.0,1,2022-04-08 10:50:55
1021,rb2210,SHFE,0_0_     1925317,     2221479,空,平今,5013.0,1,2022-04-08 10:51:02
1022,rb2210,SHFE,0_0_     1925317,     2221548,空,平今,5013.0,1,2022-04-08 10:51:03
1023,rb2210,SHFE,0_0_     1930283,     2225408,空,平今,5013.0,2,2022-04-08 10:51:39
1024,rb2210,SHFE,0_0_     1932265,     2227692,多,开,5010.0,4,2022-04-08 10:51:57
1025,rb2210,SHFE,0_0_     1932431,     2228163,多,平今,5010.0,1,2022-04-08 10:52:02
1026,rb2210,SHFE,0_0_     1933614,     2228929,空,平今,5009.0,1,2022-04-08 10:52:09
1027,rb2210,SHFE,0_0_     1933654,     2229086,空,开,5009.0,4,2022-04-08 10:52:10
1028,rb2210,SHFE,0_0_     1937040,     2233562,多,平今,5007.0,6,2022-04-08 10:52:49
1029,rb2210,SHFE,0_0_     1937084,     2234632,空,开,5008.0,4,2022-04-08 10:52:58
1030,rb2210,SHFE,0_0_     1937784,     2234740,多,平今,5007.0,2,2022-04-08 10:52:58
1031,rb2210,SHFE,0_0_     1938395,     2236533,空,平今,5005.0,3,2022-04-08 10:53:08
1032,rb2210,SHFE,0_0_     1937798,     2237747,空,开,5008.0,1,2022-04-08 10:53:14
1033,rb2210,SHFE,0_0_     1937798,     2237770,空,开,5008.0,5,2022-04-08 10:53:14
1034,rb2210,SHFE,0_0_     1939399,     2237773,多,平今,5007.0,1,2022-04-08 10:53:14
1035,rb2210,SHFE,0_0_     1939399,     2237820,多,平今,5007.0,5,2022-04-08 10:53:14
1036,rb2210,SHFE,0_0_     1939517,     2237959,多,开,5007.0,4,2022-04-08 10:53:15
1037,rb2210,SHFE,0_0_     1941014,     2239371,多,平今,5010.000000000001,1,2022-04-08 10:53:29
1038,rb2210,SHFE,0_0_     1941014,     2239382,多,平今,5010.000000000001,1,2022-04-08 10:53:29
1039,rb2210,SHFE,0_0_     1942096,     2240282,空,开,5008.0,3,2022-04-08 10:53:41
1040,rb2210,SHFE,0_0_     1942096,     2240283,空,开,5008.0,1,2022-04-08 10:53:41
1041,rb2210,SHFE,0_0_     1942096,     2240284,空,开,5008.0,1,2022-04-08 10:53:41
1042,rb2210,SHFE,0_0_     1942646,     2241084,多,平今,5005.0,4,2022-04-08 10:53:47
1043,rb2210,SHFE,0_0_     1942705,     2242266,多,平今,5005.0,1,2022-04-08 10:53:58
1044,rb2210,SHFE,0_0_     1938441,     2242534,多,开,5004.0,1,2022-04-08 10:54:00
1045,rb2210,SHFE,0_0_     1938441,     2242535,多,开,5004.0,2,2022-04-08 10:54:00
1046,rb2210,SHFE,0_0_     1938441,     2242537,多,开,5004.0,1,2022-04-08 10:54:00
1047,rb2210,SHFE,0_0_     1943743,     2243154,空,平今,5005.0,1,2022-04-08 10:54:02
1048,rb2210,SHFE,0_0_     1943743,     2243157,空,平今,5005.0,3,2022-04-08 10:54:02
1049,rb2210,SHFE,0_0_     1946401,     2247809,空,开,5001.0,1,2022-04-08 10:54:23
1050,rb2210,SHFE,0_0_     1946401,     2247810,空,开,5001.0,3,2022-04-08 10:54:23
1051,rb2210,SHFE,0_0_     1947111,     2248590,多,平今,5001.0,1,2022-04-08 10:54:27
1052,rb2210,SHFE,0_0_     1947111,     2248592,多,平今,5001.0,1,2022-04-08 10:54:27
1053,rb2210,SHFE,0_0_     1947111,     2248593,多,平今,5001.0,1,2022-04-08 10:54:27
1054,rb2210,SHFE,0_0_     1947111,     2248594,多,平今,5001.0,1,2022-04-08 10:54:27
1055,rb2210,SHFE,0_0_     1947479,     2249009,多,开,5001.0,3,2022-04-08 10:54:30
1056,rb2210,SHFE,0_0_     1947728,     2249620,空,开,5002.0,3,2022-04-08 10:54:33
1057,rb2210,SHFE,0_0_     1947728,     2249623,空,开,5002.0,1,2022-04-08 10:54:33
1058,rb2210,SHFE,0_0_     1947925,     2249767,多,平今,5002.0,2,2022-04-08 10:54:35
1059,rb2210,SHFE,0_0_     1948165,     2249908,空,平今,5003.0,1,2022-04-08 10:54:36
1060,rb2210,SHFE,0_0_     1948165,     2249909,空,平今,5003.0,1,2022-04-08 10:54:36
1061,rb2210,SHFE,0_0_     1948196,     2251625,多,平今,5002.0,2,2022-04-08 10:54:43
1062,rb2210,SHFE,0_0_     1949138,     2251719,空,开,5002.0,1,2022-04-08 10:54:43
1063,rb2210,SHFE,0_0_     1949138,     2251764,空,开,5002.0,1,2022-04-08 10:54:43
1064,rb2210,SHFE,0_0_     1949138,     2251768,空,开,5002.0,1,2022-04-08 10:54:43
1065,rb2210,SHFE,0_0_     1949138,     2251776,空,开,5002.0,5,2022-04-08 10:54:44
1066,rb2210,SHFE,0_0_     1949137,     2251811,空,平今,5003.0,2,2022-04-08 10:54:44
1067,rb2210,SHFE,0_0_     1949171,     2252277,多,平今,5001.0,2,2022-04-08 10:54:44
1068,rb2210,SHFE,0_0_     1950080,     2255086,空,平今,4999.0,1,2022-04-08 10:54:50
1069,rb2210,SHFE,0_0_     1950080,     2255092,空,平今,4999.0,1,2022-04-08 10:54:50
1070,rb2210,SHFE,0_0_     1950201,     2255361,多,平今,4998.0,4,2022-04-08 10:54:51
1071,rb2210,SHFE,0_0_     1950372,     2255374,空,开,4999.0,4,2022-04-08 10:54:51
1072,rb2210,SHFE,0_0_     1951554,     2256699,多,开,5000.0,5,2022-04-08 10:55:01
1073,rb2210,SHFE,0_0_     1954347,     2259160,多,平今,5005.0,2,2022-04-08 10:55:17
1074,rb2210,SHFE,0_0_     1955010,     2260263,空,平今,5006.0,1,2022-04-08 10:55:22
1075,rb2210,SHFE,0_0_     1955010,     2260264,空,平今,5006.0,1,2022-04-08 10:55:22
1076,rb2210,SHFE,0_0_     1955010,     2260267,空,平今,5006.0,2,2022-04-08 10:55:22
1077,rb2210,SHFE,0_0_     1957256,     2262896,多,平今,5009.0,4,2022-04-08 10:55:47
1078,rb2210,SHFE,0_0_     1961719,     2267415,多,开,5004.0,1,2022-04-08 10:56:38
1079,rb2210,SHFE,0_0_     1965703,     2272024,空,平今,4998.0,3,2022-04-08 10:57:19
1080,rb2210,SHFE,0_0_     1965536,     2272538,空,开,4999.0,4,2022-04-08 10:57:22
1081,rb2210,SHFE,0_0_     1966281,     2272583,多,开,4998.0,8,2022-04-08 10:57:22
1082,rb2210,SHFE,0_0_     1965215,     2273160,空,开,5001.0,4,2022-04-08 10:57:26
1083,rb2210,SHFE,0_0_     1966776,     2273248,多,平今,5000.0,1,2022-04-08 10:57:26
1084,rb2210,SHFE,0_0_     1966776,     2273260,多,平今,5000.0,1,2022-04-08 10:57:26
1085,rb2210,SHFE,0_0_     1966776,     2273281,多,平今,5000.0,5,2022-04-08 10:57:27
1086,rb2210,SHFE,0_0_     1967654,     2274411,空,平今,4997.0,3,2022-04-08 10:57:33
1087,rb2210,SHFE,0_0_     1967695,     2274890,多,开,4997.0,3,2022-04-08 10:57:34
1088,rb2210,SHFE,0_0_     1967844,     2274965,空,平今,4998.0,1,2022-04-08 10:57:34
1089,rb2210,SHFE,0_0_     1968716,     2276163,空,平今,4999.0,2,2022-04-08 10:57:45
1090,rb2210,SHFE,0_0_     1969037,     2276466,多,开,4998.0,3,2022-04-08 10:57:46
1091,rb2210,SHFE,0_0_     1969166,     2276590,空,平今,4999.0,4,2022-04-08 10:57:48
1092,rb2210,SHFE,0_0_     1969804,     2277270,空,平今,4998.0,1,2022-04-08 10:57:55
1093,rb2210,SHFE,0_0_     1970081,     2277888,空,平今,4997.000000000001,1,2022-04-08 10:57:58
1094,rb2210,SHFE,0_0_     1971244,     2282208,多,开,4991.0,1,2022-04-08 10:58:09
1095,rb2210,SHFE,0_0_     1971244,     2282211,多,开,4991.0,1,2022-04-08 10:58:09
1096,rb2210,SHFE,0_0_     1971319,     2282347,空,平今,4991.0,2,2022-04-08 10:58:10
1097,rb2210,SHFE,0_0_     1971759,     2283491,空,平今,4992.0,1,2022-04-08 10:58:13
1098,rb2210,SHFE,0_0_     1971759,     2283492,空,平今,4992.0,1,2022-04-08 10:58:13
1099,rb2210,SHFE,0_0_     1971839,     2283675,多,开,4991.0,1,2022-04-08 10:58:14
1100,rb2210,SHFE,0_0_     1971839,     2283689,多,开,4991.0,1,2022-04-08 10:58:15
1101,rb2210,SHFE,0_0_     1971911,     2284123,空,平今,4992.0,1,2022-04-08 10:58:17
1102,rb2210,SHFE,0_0_     1972182,     2284148,多,开,4991.0,2,2022-04-08 10:58:17
1103,rb2210,SHFE,0_0_     1972186,     2284318,空,平今,4992.0,2,2022-04-08 10:58:18
1104,rb2210,SHFE,0_0_     1972504,     2285165,多,开,4991.0,5,2022-04-08 10:58:20
1105,rb2210,SHFE,0_0_     1972642,     2285498,空,平今,4992.0,2,2022-04-08 10:58:21
1106,rb2210,SHFE,0_0_     1972642,     2285500,空,平今,4992.0,3,2022-04-08 10:58:21
1107,rb2210,SHFE,0_0_     1974545,     2288129,多,开,4990.0,4,2022-04-08 10:58:31
1108,rb2210,SHFE,0_0_     1975265,     2289411,空,平今,4990.0,3,2022-04-08 10:58:37
1109,rb2210,SHFE,0_0_     1976042,     2293167,空,开,4990.0,4,2022-04-08 10:58:59
1110,rb2210,SHFE,0_0_     1976042,     2293173,空,开,4990.0,1,2022-04-08 10:58:59
1111,rb2210,SHFE,0_0_     1977349,     2293238,多,平今,4989.0,5,2022-04-08 10:58:59
1112,rb2210,SHFE,0_0_     1977018,     2298317,多,开,4988.0,2,2022-04-08 10:59:30
1113,rb2210,SHFE,0_0_     1979949,     2298435,空,平今,4989.0,1,2022-04-08 10:59:31
1114,rb2210,SHFE,0_0_     1979949,     2298436,空,平今,4989.0,1,2022-04-08 10:59:31
1115,rb2210,SHFE,0_0_     1980024,     2298537,多,开,4988.0,2,2022-04-08 10:59:32
1116,rb2210,SHFE,0_0_     1980218,     2298603,多,平今,4988.0,1,2022-04-08 10:59:33
1117,rb2210,SHFE,0_0_     1980279,     2298833,空,开,4989.0,6,2022-04-08 10:59:34
1118,rb2210,SHFE,0_0_     1980350,     2298890,多,平今,4988.0,4,2022-04-08 10:59:35
1119,rb2210,SHFE,0_0_     1980350,     2298891,多,平今,4988.0,2,2022-04-08 10:59:35
1120,rb2210,SHFE,0_0_     1980373,     2299568,空,开,4989.0,6,2022-04-08 10:59:38
1121,rb2210,SHFE,0_0_     1980645,     2299570,多,平今,4988.0,6,2022-04-08 10:59:38
1122,rb2210,SHFE,0_0_     1981110,     2300247,空,平今,4991.0,4,2022-04-08 10:59:43
1123,rb2210,SHFE,0_0_     1982674,     2302916,空,开,4988.0,4,2022-04-08 11:00:00
1124,rb2210,SHFE,0_0_     1982945,     2303584,多,开,4989.0,1,2022-04-08 11:00:01
1125,rb2210,SHFE,0_0_     1982945,     2303585,多,开,4989.0,1,2022-04-08 11:00:01
1126,rb2210,SHFE,0_0_     1982945,     2303586,多,开,4989.0,1,2022-04-08 11:00:01
1127,rb2210,SHFE,0_0_     1982945,     2303587,多,开,4989.0,1,2022-04-08 11:00:01
1128,rb2210,SHFE,0_0_     1982945,     2303588,多,开,4989.0,2,2022-04-08 11:00:01
1129,rb2210,SHFE,0_0_     1982945,     2303589,多,开,4989.0,1,2022-04-08 11:00:01
1130,rb2210,SHFE,0_0_     1984070,     2305815,空,平今,4992.0,6,2022-04-08 11:00:07
1131,rb2210,SHFE,0_0_     1986638,     2308826,多,平今,4993.0,4,2022-04-08 11:00:25
1132,rb2210,SHFE,0_0_     1989887,     2313232,空,开,4991.0,4,2022-04-08 11:00:56
1133,rb2210,SHFE,0_0_     1991407,     2314990,多,开,4993.0,1,2022-04-08 11:01:11
1134,rb2210,SHFE,0_0_     1991407,     2314991,多,开,4993.0,1,2022-04-08 11:01:11
1135,rb2210,SHFE,0_0_     1991407,     2314992,多,开,4993.0,1,2022-04-08 11:01:11
1136,rb2210,SHFE,0_0_     1991407,     2314993,多,开,4993.0,1,2022-04-08 11:01:11
1137,rb2210,SHFE,0_0_     1991407,     2314994,多,开,4993.0,1,2022-04-08 11:01:11
1138,rb2210,SHFE,0_0_     1992656,     2316597,空,平今,4995.0,2,2022-04-08 11:01:25
1139,rb2210,SHFE,0_0_     1992656,     2316598,空,平今,4995.0,1,2022-04-08 11:01:25
1140,rb2210,SHFE,0_0_     1995685,     2319956,多,平今,4993.0,1,2022-04-08 11:01:58
1141,rb2210,SHFE,0_0_     2001058,     2330326,空,开,4984.0,4,2022-04-08 11:02:38
1142,rb2210,SHFE,0_0_     2001058,     2330400,空,开,4984.0,1,2022-04-08 11:02:38
1143,rb2210,SHFE,0_0_     2002583,     2332116,多,平今,4984.0,5,2022-04-08 11:02:47
1144,rb2210,SHFE,0_0_     2002316,     2333299,多,平今,4983.0,1,2022-04-08 11:02:53
1145,rb2210,SHFE,0_0_     2002316,     2333301,多,平今,4983.0,1,2022-04-08 11:02:53
1146,rb2210,SHFE,0_0_     2004433,     2334480,空,开,4982.0,4,2022-04-08 11:03:00
1147,rb2210,SHFE,0_0_     2007055,     2339663,空,平今,4976.0,1,2022-04-08 11:03:19
1148,rb2210,SHFE,0_0_     2007210,     2340307,多,平今,4974.0,3,2022-04-08 11:03:20
1149,rb2210,SHFE,0_0_     2007210,     2340313,多,平今,4974.0,1,2022-04-08 11:03:20
1150,rb2210,SHFE,0_0_     2007687,     2342583,空,开,4973.0,3,2022-04-08 11:03:23
1151,rb2210,SHFE,0_0_     2007222,     2346509,空,开,4975.0,1,2022-04-08 11:03:29
1152,rb2210,SHFE,0_0_     2008960,     2346611,多,平今,4973.0,4,2022-04-08 11:03:29
1153,rb2210,SHFE,0_0_     2007222,     2346682,空,开,4975.0,1,2022-04-08 11:03:29
1154,rb2210,SHFE,0_0_     2007222,     2346698,空,开,4975.0,1,2022-04-08 11:03:29
1155,rb2210,SHFE,0_0_     2007222,     2346737,空,开,4975.0,1,2022-04-08 11:03:30
1156,rb2210,SHFE,0_0_     2009051,     2347461,多,平今,4974.0,1,2022-04-08 11:03:31
1157,rb2210,SHFE,0_0_     2009959,     2348822,多,开,4973.0,4,2022-04-08 11:03:36
1158,rb2210,SHFE,0_0_     2013789,     2355762,空,平今,4976.0,4,2022-04-08 11:04:07
1159,rb2210,SHFE,0_0_     2013789,     2355763,空,平今,4976.0,1,2022-04-08 11:04:07
1160,rb2210,SHFE,0_0_     2014061,     2356016,多,开,4976.0,2,2022-04-08 11:04:09
1161,rb2210,SHFE,0_0_     2014313,     2356176,多,开,4977.0,1,2022-04-08 11:04:10
1162,rb2210,SHFE,0_0_     2014313,     2356177,多,开,4977.0,3,2022-04-08 11:04:10
1163,rb2210,SHFE,0_0_     2016325,     2359812,空,平今,4981.0,2,2022-04-08 11:04:28
1164,rb2210,SHFE,0_0_     2017346,     2360278,空,平今,4981.0,4,2022-04-08 11:04:31
1165,rb2210,SHFE,0_0_     2017881,     2360727,空,平今,4981.0,1,2022-04-08 11:04:34
1166,rb2210,SHFE,0_0_     2018021,     2361225,多,开,4980.0,1,2022-04-08 11:04:38
1167,rb2210,SHFE,0_0_     2018293,     2361229,空,平今,4981.0,1,2022-04-08 11:04:38
1168,rb2210,SHFE,0_0_     2018636,     2361821,多,开,4979.0,8,2022-04-08 11:04:43
1169,rb2210,SHFE,0_0_     2010238,     2363645,多,平今,4974.0,3,2022-04-08 11:04:53
1170,rb2210,SHFE,0_0_     2020184,     2364330,空,平今,4975.0,2,2022-04-08 11:04:57
1171,rb2210,SHFE,0_0_     2020184,     2364332,空,平今,4975.0,2,2022-04-08 11:04:57
1172,rb2210,SHFE,0_0_     2020486,     2365030,空,开,4975.0,4,2022-04-08 11:05:00
1173,rb2210,SHFE,0_0_     2019221,     2366176,空,平今,4978.0,3,2022-04-08 11:05:06
1174,rb2210,SHFE,0_0_     2019221,     2366177,空,平今,4978.0,1,2022-04-08 11:05:06
1175,rb2210,SHFE,0_0_     2025079,     2371103,多,开,4973.0,1,2022-04-08 11:05:33
1176,rb2210,SHFE,0_0_     2025079,     2371109,多,开,4973.0,4,2022-04-08 11:05:33
1177,rb2210,SHFE,0_0_     2027508,     2378894,多,平今,4968.0,1,2022-04-08 11:05:59
1178,rb2210,SHFE,0_0_     2028433,     2378895,空,平今,4969.0,1,2022-04-08 11:05:59
1179,rb2210,SHFE,0_0_     2028434,     2379293,多,平今,4968.0,1,2022-04-08 11:06:00
1180,rb2210,SHFE,0_0_     2028477,     2379333,空,开,4969.0,4,2022-04-08 11:06:00
1181,rb2210,SHFE,0_0_     2028756,     2379752,多,平今,4968.0,2,2022-04-08 11:06:02
1182,rb2210,SHFE,0_0_     2031481,     2383746,多,开,4971.0,1,2022-04-08 11:06:15
1183,rb2210,SHFE,0_0_     2031481,     2383747,多,开,4971.0,1,2022-04-08 11:06:15
1184,rb2210,SHFE,0_0_     2031486,     2383931,空,平今,4972.0,1,2022-04-08 11:06:16
1185,rb2210,SHFE,0_0_     2031486,     2383932,空,平今,4972.0,1,2022-04-08 11:06:16
1186,rb2210,SHFE,0_0_     2031602,     2384211,多,开,4971.0,2,2022-04-08 11:06:17
1187,rb2210,SHFE,0_0_     2033506,     2387156,空,平今,4972.0,3,2022-04-08 11:06:37
1188,rb2210,SHFE,0_0_     2033779,     2387594,多,开,4973.0,1,2022-04-08 11:06:39
1189,rb2210,SHFE,0_0_     2034040,     2388294,空,平今,4973.0,1,2022-04-08 11:06:44
1190,rb2210,SHFE,0_0_     2038185,     2392673,多,开,4978.0,3,2022-04-08 11:07:11
1191,rb2210,SHFE,0_0_     2039231,     2394403,空,开,4977.0,1,2022-04-08 11:07:19
1192,rb2210,SHFE,0_0_     2039231,     2394404,空,开,4977.0,1,2022-04-08 11:07:19
1193,rb2210,SHFE,0_0_     2039231,     2394406,空,开,4977.0,1,2022-04-08 11:07:19
1194,rb2210,SHFE,0_0_     2044288,     2402036,空,平今,4967.0,4,2022-04-08 11:08:05
1195,rb2210,SHFE,0_0_     2044451,     2402218,空,平今,4966.0,1,2022-04-08 11:08:05
1196,rb2210,SHFE,0_0_     2044591,     2404060,多,平今,4968.0,3,2022-04-08 11:08:15
1197,rb2210,SHFE,0_0_     2044591,     2404148,多,平今,4968.0,2,2022-04-08 11:08:16
1198,rb2210,SHFE,0_0_     2046143,     2404798,空,开,4967.0,4,2022-04-08 11:08:19
1199,rb2210,SHFE,0_0_     2050390,     2411288,多,平今,4964.0,3,2022-04-08 11:09:00
1200,rb2210,SHFE,0_0_     2050390,     2411289,多,平今,4964.0,1,2022-04-08 11:09:00
1201,rb2210,SHFE,0_0_     2050454,     2412175,空,开,4965.0,4,2022-04-08 11:09:04
1202,rb2210,SHFE,0_0_     2052644,     2414469,多,开,4967.0,4,2022-04-08 11:09:20
1203,rb2210,SHFE,0_0_     2053006,     2415261,空,平今,4966.0,1,2022-04-08 11:09:26
1204,rb2210,SHFE,0_0_     2055227,     2419570,多,平今,4962.0,3,2022-04-08 11:09:47
1205,rb2210,SHFE,0_0_     2056091,     2420964,空,平今,4963.0,2,2022-04-08 11:09:57
1206,rb2210,SHFE,0_0_     2056190,     2421223,多,平今,4962.0,3,2022-04-08 11:09:59
1207,rb2210,SHFE,0_0_     2056330,     2423433,空,开,4964.0,4,2022-04-08 11:10:09
1208,rb2210,SHFE,0_0_     2057406,     2425586,多,平今,4964.0,3,2022-04-08 11:10:23
1209,rb2210,SHFE,0_0_     2060704,     2428967,多,开,4963.0,1,2022-04-08 11:10:37
1210,rb2210,SHFE,0_0_     2060704,     2428998,多,开,4963.0,1,2022-04-08 11:10:38
1211,rb2210,SHFE,0_0_     2058954,     2429429,空,开,4965.0,1,2022-04-08 11:10:40
1212,rb2210,SHFE,0_0_     2058954,     2429430,空,开,4965.0,1,2022-04-08 11:10:40
1213,rb2210,SHFE,0_0_     2058954,     2429433,空,开,4965.0,1,2022-04-08 11:10:40
1214,rb2210,SHFE,0_0_     2063057,     2433581,空,平今,4969.0,2,2022-04-08 11:11:05
1215,rb2210,SHFE,0_0_     2063797,     2434151,多,平今,4967.0,3,2022-04-08 11:11:08
1216,rb2210,SHFE,0_0_     2063878,     2434340,空,平今,4967.0,2,2022-04-08 11:11:09
1217,rb2210,SHFE,0_0_     2064003,     2434438,空,开,4967.0,2,2022-04-08 11:11:10
1218,rb2210,SHFE,0_0_     2065586,     2436577,多,开,4967.0,5,2022-04-08 11:11:23
1219,rb2210,SHFE,0_0_     2066989,     2438429,空,平今,4969.0,1,2022-04-08 11:11:38
1220,rb2210,SHFE,0_0_     2067018,     2438439,多,开,4968.0,4,2022-04-08 11:11:38
1221,rb2210,SHFE,0_0_     2067039,     2438951,空,平今,4969.0,4,2022-04-08 11:11:42
1222,rb2210,SHFE,0_0_     2067284,     2439127,多,开,4968.0,4,2022-04-08 11:11:43
1223,rb2210,SHFE,0_0_     2067822,     2440083,空,平今,4968.0,4,2022-04-08 11:11:49
1224,rb2210,SHFE,0_0_     2067892,     2440107,多,开,4967.0,4,2022-04-08 11:11:49
1225,rb2210,SHFE,0_0_     2069221,     2442888,空,平今,4964.0,4,2022-04-08 11:12:00
1226,rb2210,SHFE,0_0_     2069337,     2443235,空,开,4965.0,3,2022-04-08 11:12:02
1227,rb2210,SHFE,0_0_     2069567,     2443451,多,平今,4965.0,2,2022-04-08 11:12:02
1228,rb2210,SHFE,0_0_     2069567,     2443453,多,平今,4965.0,2,2022-04-08 11:12:02
1229,rb2210,SHFE,0_0_     2070481,     2445038,空,开,4966.0,3,2022-04-08 11:12:13
1230,rb2210,SHFE,0_0_     2070497,     2445099,多,平今,4966.0,5,2022-04-08 11:12:13
1231,rb2210,SHFE,0_0_     2072311,     2449762,空,平今,4968.0,1,2022-04-08 11:12:55
1232,rb2210,SHFE,0_0_     2072311,     2449775,空,平今,4968.0,1,2022-04-08 11:12:55
1233,rb2210,SHFE,0_0_     2073766,     2450145,多,开,4967.0,2,2022-04-08 11:12:59
