,code,exchange,orderid,tradeid,direction,offset,price,volume,datetime
0,rb2210,SHFE,0_0_         679,       45696,多,开,4882.0,1,2022-04-11 21:00:20
1,rb2210,SHFE,0_0_        1830,       73659,多,平昨,4892.0,1,2022-04-11 21:00:52
2,rb2210,SHFE,0_0_        1830,       73663,多,平昨,4892.0,1,2022-04-11 21:00:52
3,rb2210,SHFE,0_0_        1830,       73669,多,平昨,4892.0,2,2022-04-11 21:00:52
4,rb2210,SHFE,0_0_        1847,       73740,空,平昨,4893.0,1,2022-04-11 21:00:52
5,rb2210,SHFE,0_0_        1848,       73780,多,开,4892.0,1,2022-04-11 21:00:52
6,rb2210,SHFE,0_0_        1849,       73818,空,平今,4893.0,1,2022-04-11 21:00:52
7,rb2210,SHFE,0_0_        1857,       73836,多,开,4892.0,1,2022-04-11 21:00:52
8,rb2210,SHFE,0_0_        1858,       74134,空,平今,4893.0,1,2022-04-11 21:00:53
9,rb2210,SHFE,0_0_        1874,       74151,空,开,4893.0,4,2022-04-11 21:00:53
10,rb2210,SHFE,0_0_        1875,       74209,多,开,4892.0,5,2022-04-11 21:00:53
11,rb2210,SHFE,0_0_        1876,       74226,空,平今,4893.0,5,2022-04-11 21:00:53
12,rb2210,SHFE,0_0_        1877,       74228,多,开,4892.0,1,2022-04-11 21:00:53
13,rb2210,SHFE,0_0_        1877,       74243,多,开,4892.0,1,2022-04-11 21:00:53
14,rb2210,SHFE,0_0_        1877,       74259,多,开,4892.0,2,2022-04-11 21:00:53
15,rb2210,SHFE,0_0_        1877,       74429,多,开,4892.0,1,2022-04-11 21:00:53
16,rb2210,SHFE,0_0_        2091,       78872,空,平今,4890.0,1,2022-04-11 21:00:59
17,rb2210,SHFE,0_0_        2146,       79538,多,平今,4889.0,4,2022-04-11 21:01:00
18,rb2210,SHFE,0_0_        2177,       79618,空,平今,4890.0,2,2022-04-11 21:01:00
19,rb2210,SHFE,0_0_        2177,       79619,空,平今,4890.0,2,2022-04-11 21:01:00
20,rb2210,SHFE,0_0_        2300,       83853,多,开,4890.0,3,2022-04-11 21:01:05
21,rb2210,SHFE,0_0_        2379,       84642,空,开,4890.0,5,2022-04-11 21:01:06
22,rb2210,SHFE,0_0_        2379,       84648,空,开,4890.0,3,2022-04-11 21:01:06
23,rb2210,SHFE,0_0_        2178,       84716,多,开,4889.0,3,2022-04-11 21:01:06
24,rb2210,SHFE,0_0_        2178,       85117,多,开,4889.0,1,2022-04-11 21:01:06
25,rb2210,SHFE,0_0_        2452,       86344,空,平今,4889.0,2,2022-04-11 21:01:08
26,rb2210,SHFE,0_0_        2424,       89558,空,平今,4890.0,1,2022-04-11 21:01:12
27,rb2210,SHFE,0_0_        2424,       89563,空,平今,4890.0,2,2022-04-11 21:01:12
28,rb2210,SHFE,0_0_        2582,       92070,多,平今,4889.0,4,2022-04-11 21:01:15
29,rb2210,SHFE,0_0_        2680,       93401,空,平今,4890.0,1,2022-04-11 21:01:17
30,rb2210,SHFE,0_0_        2688,       93564,空,开,4890.0,2,2022-04-11 21:01:17
31,rb2210,SHFE,0_0_        2713,       95862,多,平今,4889.0,4,2022-04-11 21:01:21
32,rb2210,SHFE,0_0_        1892,       99319,空,平今,4893.0,1,2022-04-11 21:01:24
33,rb2210,SHFE,0_0_        3357,      110578,空,开,4891.0,4,2022-04-11 21:01:39
34,rb2210,SHFE,0_0_        3363,      110840,空,开,4891.0,2,2022-04-11 21:01:40
35,rb2210,SHFE,0_0_        3461,      112814,多,平今,4891.0,8,2022-04-11 21:01:43
36,rb2210,SHFE,0_0_        2833,      112843,多,开,4889.0,4,2022-04-11 21:01:43
37,rb2210,SHFE,0_0_        4866,      132626,空,开,4894.0,6,2022-04-11 21:02:19
38,rb2210,SHFE,0_0_        4866,      132627,空,开,4894.0,1,2022-04-11 21:02:19
39,rb2210,SHFE,0_0_        4879,      133811,多,平今,4893.0,3,2022-04-11 21:02:21
40,rb2210,SHFE,0_0_        4962,      134315,空,平今,4894.0,1,2022-04-11 21:02:22
41,rb2210,SHFE,0_0_        4962,      134318,空,平今,4894.0,1,2022-04-11 21:02:22
42,rb2210,SHFE,0_0_        4962,      134319,空,平今,4894.0,1,2022-04-11 21:02:22
43,rb2210,SHFE,0_0_        4962,      134322,空,平今,4894.0,1,2022-04-11 21:02:22
44,rb2210,SHFE,0_0_        5018,      136425,多,平今,4893.000000000001,4,2022-04-11 21:02:27
45,rb2210,SHFE,0_0_        5201,      137032,空,开,4894.0,4,2022-04-11 21:02:28
46,rb2210,SHFE,0_0_        5278,      137053,多,平今,4893.0,4,2022-04-11 21:02:28
47,rb2210,SHFE,0_0_        5279,      138278,空,开,4894.0,4,2022-04-11 21:02:31
48,rb2210,SHFE,0_0_        5401,      139554,多,平今,4893.0,4,2022-04-11 21:02:35
49,rb2210,SHFE,0_0_        5514,      139868,多,开,4893.0,4,2022-04-11 21:02:35
50,rb2210,SHFE,0_0_        5547,      144353,空,平今,4894.0,1,2022-04-11 21:02:46
51,rb2210,SHFE,0_0_        5930,      144360,多,开,4893.0,1,2022-04-11 21:02:46
52,rb2210,SHFE,0_0_        5975,      144734,空,平今,4893.0,3,2022-04-11 21:02:47
53,rb2210,SHFE,0_0_        5934,      145758,空,平今,4894.0,1,2022-04-11 21:02:49
54,rb2210,SHFE,0_0_        6043,      145772,空,平今,4894.0,1,2022-04-11 21:02:49
55,rb2210,SHFE,0_0_        6082,      146015,多,开,4893.0,4,2022-04-11 21:02:50
56,rb2210,SHFE,0_0_        6087,      150359,空,平今,4894.0,2,2022-04-11 21:03:01
57,rb2210,SHFE,0_0_        6087,      150370,空,平今,4894.0,1,2022-04-11 21:03:01
58,rb2210,SHFE,0_0_        6087,      150395,空,平今,4894.0,1,2022-04-11 21:03:01
59,rb2210,SHFE,0_0_        6637,      154282,多,开,4893.0,2,2022-04-11 21:03:08
60,rb2210,SHFE,0_0_        6684,      154538,多,开,4893.0,1,2022-04-11 21:03:09
61,rb2210,SHFE,0_0_        6684,      154556,多,开,4893.0,1,2022-04-11 21:03:09
62,rb2210,SHFE,0_0_        7113,      155707,空,平今,4894.0,2,2022-04-11 21:03:11
63,rb2210,SHFE,0_0_        7471,      159306,多,开,4892.0,4,2022-04-11 21:03:18
64,rb2210,SHFE,0_0_        8463,      168215,空,平今,4885.0,1,2022-04-11 21:03:36
65,rb2210,SHFE,0_0_        7635,      186306,空,平今,4892.0,2,2022-04-11 21:04:24
66,rb2210,SHFE,0_0_       12321,      187267,多,开,4891.0,2,2022-04-11 21:04:28
67,rb2210,SHFE,0_0_       12683,      187981,空,平今,4893.0,2,2022-04-11 21:04:30
68,rb2210,SHFE,0_0_       12904,      188298,空,开,4893.0,1,2022-04-11 21:04:31
69,rb2210,SHFE,0_0_       12904,      188302,空,开,4893.0,1,2022-04-11 21:04:31
70,rb2210,SHFE,0_0_       12904,      188345,空,开,4893.0,2,2022-04-11 21:04:31
71,rb2210,SHFE,0_0_       13025,      189217,空,平今,4893.0,1,2022-04-11 21:04:34
72,rb2210,SHFE,0_0_       13863,      192593,多,开,4895.0,2,2022-04-11 21:04:42
73,rb2210,SHFE,0_0_       13817,      195621,空,开,4897.0,4,2022-04-11 21:04:51
74,rb2210,SHFE,0_0_       14479,      195697,多,平今,4896.0,4,2022-04-11 21:04:51
75,rb2210,SHFE,0_0_       14744,      197225,多,平今,4895.0,3,2022-04-11 21:04:56
76,rb2210,SHFE,0_0_       16122,      201072,空,平今,4897.0,2,2022-04-11 21:05:02
77,rb2210,SHFE,0_0_       16527,      202858,空,平今,4897.000000000001,2,2022-04-11 21:05:05
78,rb2210,SHFE,0_0_       16975,      204138,空,开,4897.0,3,2022-04-11 21:05:07
79,rb2210,SHFE,0_0_       17480,      204448,多,平今,4896.0,1,2022-04-11 21:05:08
80,rb2210,SHFE,0_0_       17480,      204450,多,平今,4896.0,1,2022-04-11 21:05:08
81,rb2210,SHFE,0_0_       17480,      204495,多,平今,4896.0,1,2022-04-11 21:05:08
82,rb2210,SHFE,0_0_       17480,      204501,多,平今,4896.0,1,2022-04-11 21:05:08
83,rb2210,SHFE,0_0_       17562,      204779,空,开,4897.0,1,2022-04-11 21:05:08
84,rb2210,SHFE,0_0_       17600,      204783,多,开,4896.0,5,2022-04-11 21:05:08
85,rb2210,SHFE,0_0_       17601,      204796,空,平今,4897.0,5,2022-04-11 21:05:08
86,rb2210,SHFE,0_0_       17610,      204822,多,开,4896.0,1,2022-04-11 21:05:08
87,rb2210,SHFE,0_0_       17610,      204892,多,开,4896.0,1,2022-04-11 21:05:09
88,rb2210,SHFE,0_0_       17610,      204906,多,开,4896.0,1,2022-04-11 21:05:09
89,rb2210,SHFE,0_0_       17610,      204910,多,开,4896.0,1,2022-04-11 21:05:09
90,rb2210,SHFE,0_0_       17610,      204932,多,开,4896.0,1,2022-04-11 21:05:09
91,rb2210,SHFE,0_0_       17847,      205843,空,平今,4897.0,3,2022-04-11 21:05:11
92,rb2210,SHFE,0_0_       24544,      227682,多,开,4893.0,3,2022-04-11 21:06:00
93,rb2210,SHFE,0_0_       26057,      234026,空,开,4887.0,4,2022-04-11 21:06:10
94,rb2210,SHFE,0_0_       26504,      234056,多,平今,4884.0,1,2022-04-11 21:06:10
95,rb2210,SHFE,0_0_       26504,      234059,多,平今,4886.0,1,2022-04-11 21:06:10
96,rb2210,SHFE,0_0_       26504,      234072,多,平今,4886.0,2,2022-04-11 21:06:10
97,rb2210,SHFE,0_0_       26506,      246055,空,平今,4887.0,3,2022-04-11 21:06:42
98,rb2210,SHFE,0_0_       32840,      250530,多,开,4886.0,2,2022-04-11 21:06:58
99,rb2210,SHFE,0_0_       33168,      251134,空,平今,4887.0,2,2022-04-11 21:07:00
100,rb2210,SHFE,0_0_       35500,      256270,多,平今,4887.0,1,2022-04-11 21:07:11
101,rb2210,SHFE,0_0_       35530,      256586,多,开,4887.0,2,2022-04-11 21:07:12
102,rb2210,SHFE,0_0_       50775,      284684,空,开,4878.0,1,2022-04-11 21:08:36
103,rb2210,SHFE,0_0_       50775,      284692,空,开,4878.0,5,2022-04-11 21:08:36
104,rb2210,SHFE,0_0_       50775,      284695,空,开,4878.0,1,2022-04-11 21:08:36
105,rb2210,SHFE,0_0_       50775,      284700,空,开,4878.0,1,2022-04-11 21:08:36
106,rb2210,SHFE,0_0_       49526,      284802,多,开,4877.0,1,2022-04-11 21:08:36
107,rb2210,SHFE,0_0_       52634,      287452,多,平今,4876.0,2,2022-04-11 21:08:44
108,rb2210,SHFE,0_0_       52634,      287455,多,平今,4876.0,1,2022-04-11 21:08:44
109,rb2210,SHFE,0_0_       52634,      287458,多,平今,4876.0,1,2022-04-11 21:08:44
110,rb2210,SHFE,0_0_       52813,      289824,多,平今,4876.0,1,2022-04-11 21:08:55
111,rb2210,SHFE,0_0_       55099,      290389,空,平今,4877.0,1,2022-04-11 21:08:57
112,rb2210,SHFE,0_0_       56776,      291989,多,平今,4877.0,1,2022-04-11 21:09:03
113,rb2210,SHFE,0_0_       57219,      293061,多,平今,4878.0,2,2022-04-11 21:09:05
114,rb2210,SHFE,0_0_       58850,      296075,空,平今,4876.0,4,2022-04-11 21:09:17
115,rb2210,SHFE,0_0_       59148,      296930,多,开,4876.0,1,2022-04-11 21:09:20
116,rb2210,SHFE,0_0_       64439,      302824,空,开,4875.0,2,2022-04-11 21:09:42
117,rb2210,SHFE,0_0_       64560,      303148,空,平今,4875.0,1,2022-04-11 21:09:43
118,rb2210,SHFE,0_0_       68204,      315782,多,开,4875.0,6,2022-04-11 21:10:21
119,rb2210,SHFE,0_0_       72896,      315923,多,平今,4875.0,2,2022-04-11 21:10:22
120,rb2210,SHFE,0_0_       78818,      324399,空,平今,4878.0,2,2022-04-11 21:10:48
121,rb2210,SHFE,0_0_       82742,      328614,空,开,4877.0,8,2022-04-11 21:11:05
122,rb2210,SHFE,0_0_       83031,      329765,多,平今,4877.0,4,2022-04-11 21:11:10
123,rb2210,SHFE,0_0_       86809,      333529,空,平今,4876.0,1,2022-04-11 21:11:23
124,rb2210,SHFE,0_0_       90487,      337652,多,平今,4873.0,2,2022-04-11 21:11:39
125,rb2210,SHFE,0_0_       90487,      337682,多,平今,4873.0,1,2022-04-11 21:11:39
126,rb2210,SHFE,0_0_       90487,      337686,多,平今,4873.0,1,2022-04-11 21:11:39
127,rb2210,SHFE,0_0_       99955,      348776,空,平今,4887.0,3,2022-04-11 21:12:20
128,rb2210,SHFE,0_0_      100668,      349424,多,开,4888.0,4,2022-04-11 21:12:22
129,rb2210,SHFE,0_0_      100700,      350555,空,平今,4889.0,4,2022-04-11 21:12:25
130,rb2210,SHFE,0_0_      101720,      350938,多,开,4888.0,1,2022-04-11 21:12:26
131,rb2210,SHFE,0_0_      101720,      350945,多,开,4888.0,1,2022-04-11 21:12:26
132,rb2210,SHFE,0_0_      101720,      350946,多,开,4888.0,1,2022-04-11 21:12:26
133,rb2210,SHFE,0_0_      101720,      350959,多,开,4888.0,1,2022-04-11 21:12:26
134,rb2210,SHFE,0_0_      101963,      350985,空,平今,4889.0,1,2022-04-11 21:12:26
135,rb2210,SHFE,0_0_      101963,      350987,空,平今,4889.0,1,2022-04-11 21:12:26
136,rb2210,SHFE,0_0_      101963,      350988,空,平今,4889.0,2,2022-04-11 21:12:26
137,rb2210,SHFE,0_0_      102002,      353991,多,开,4888.000000000001,1,2022-04-11 21:12:37
138,rb2210,SHFE,0_0_      102002,      354001,多,开,4888.000000000001,1,2022-04-11 21:12:37
139,rb2210,SHFE,0_0_      102002,      354033,多,开,4888.0,1,2022-04-11 21:12:37
140,rb2210,SHFE,0_0_      102002,      354184,多,开,4888.0,1,2022-04-11 21:12:37
141,rb2210,SHFE,0_0_      104675,      354259,空,平今,4889.0,1,2022-04-11 21:12:38
142,rb2210,SHFE,0_0_      104753,      355037,多,开,4888.0,1,2022-04-11 21:12:42
143,rb2210,SHFE,0_0_      105556,      355764,空,平今,4889.0,1,2022-04-11 21:12:47
144,rb2210,SHFE,0_0_      123229,      383278,空,开,4877.0,3,2022-04-11 21:14:21
145,rb2210,SHFE,0_0_      123643,      384741,空,平今,4876.0,1,2022-04-11 21:14:24
146,rb2210,SHFE,0_0_      123643,      384742,空,平今,4876.0,1,2022-04-11 21:14:24
147,rb2210,SHFE,0_0_      123643,      384743,空,平今,4876.0,1,2022-04-11 21:14:24
148,rb2210,SHFE,0_0_      123693,      385090,多,开,4876.0,4,2022-04-11 21:14:25
149,rb2210,SHFE,0_0_      125711,      390906,多,平今,4873.0,1,2022-04-11 21:14:38
150,rb2210,SHFE,0_0_      125711,      390917,多,平今,4873.0,1,2022-04-11 21:14:38
151,rb2210,SHFE,0_0_      125711,      390931,多,平今,4873.0,1,2022-04-11 21:14:38
152,rb2210,SHFE,0_0_      126915,      393205,多,开,4874.0,3,2022-04-11 21:14:46
153,rb2210,SHFE,0_0_      128022,      395197,空,平今,4874.0,3,2022-04-11 21:14:51
154,rb2210,SHFE,0_0_      128348,      395805,空,开,4874.0,2,2022-04-11 21:14:53
155,rb2210,SHFE,0_0_      132571,      404897,多,平今,4876.0,1,2022-04-11 21:15:14
156,rb2210,SHFE,0_0_      141206,      418559,空,平今,4877.0,2,2022-04-11 21:16:03
157,rb2210,SHFE,0_0_      141206,      418605,空,平今,4877.0,2,2022-04-11 21:16:04
158,rb2210,SHFE,0_0_      164773,      450508,多,开,4884.0,2,2022-04-11 21:18:45
159,rb2210,SHFE,0_0_      176773,      464093,多,开,4882.0,4,2022-04-11 21:20:02
160,rb2210,SHFE,0_0_      178810,      467656,空,平今,4887.0,3,2022-04-11 21:20:11
161,rb2210,SHFE,0_0_      179372,      468738,多,开,4886.0,3,2022-04-11 21:20:16
162,rb2210,SHFE,0_0_      179888,      468986,空,平今,4887.0,3,2022-04-11 21:20:17
163,rb2210,SHFE,0_0_      180150,      469190,多,开,4886.0,3,2022-04-11 21:20:19
164,rb2210,SHFE,0_0_      180435,      470951,空,平今,4887.0,1,2022-04-11 21:20:26
165,rb2210,SHFE,0_0_      180435,      470973,空,平今,4887.0,1,2022-04-11 21:20:26
166,rb2210,SHFE,0_0_      180435,      471331,空,平今,4887.0,1,2022-04-11 21:20:27
167,rb2210,SHFE,0_0_      181729,      471480,多,平今,4886.0,1,2022-04-11 21:20:27
168,rb2210,SHFE,0_0_      182191,      472267,多,开,4886.0,1,2022-04-11 21:20:31
169,rb2210,SHFE,0_0_      182191,      472269,多,开,4886.0,1,2022-04-11 21:20:31
170,rb2210,SHFE,0_0_      186563,      477257,多,开,4887.0,1,2022-04-11 21:21:03
171,rb2210,SHFE,0_0_      187654,      478483,多,开,4887.0,1,2022-04-11 21:21:09
172,rb2210,SHFE,0_0_      203592,      497740,空,平今,4886.0,3,2022-04-11 21:22:57
173,rb2210,SHFE,0_0_      203592,      497742,空,平今,4886.0,1,2022-04-11 21:22:57
174,rb2210,SHFE,0_0_      203592,      497753,空,平今,4886.0,1,2022-04-11 21:22:57
175,rb2210,SHFE,0_0_      206746,      500898,空,平今,4884.0,1,2022-04-11 21:23:20
176,rb2210,SHFE,0_0_      222585,      521019,空,平今,4880.0,1,2022-04-11 21:25:18
177,rb2210,SHFE,0_0_      223645,      523292,空,开,4879.0,3,2022-04-11 21:25:31
178,rb2210,SHFE,0_0_      224402,      524660,多,平今,4878.0,3,2022-04-11 21:25:38
179,rb2210,SHFE,0_0_      225373,      525011,空,开,4879.0,3,2022-04-11 21:25:40
180,rb2210,SHFE,0_0_      228671,      530393,多,开,4879.0,1,2022-04-11 21:26:14
181,rb2210,SHFE,0_0_      228671,      530741,多,开,4879.0,1,2022-04-11 21:26:16
182,rb2210,SHFE,0_0_      228671,      530813,多,开,4879.0,2,2022-04-11 21:26:16
183,rb2210,SHFE,0_0_      228671,      530849,多,开,4879.0,3,2022-04-11 21:26:17
184,rb2210,SHFE,0_0_      231891,      535299,空,平今,4880.0,1,2022-04-11 21:26:55
185,rb2210,SHFE,0_0_      237242,      538286,多,平今,4879.0,1,2022-04-11 21:27:15
186,rb2210,SHFE,0_0_      280990,      596086,多,开,4884.0,1,2022-04-11 21:32:20
187,rb2210,SHFE,0_0_      288998,      607745,空,平今,4886.0,4,2022-04-11 21:33:17
188,rb2210,SHFE,0_0_      289046,      610281,多,开,4885.0,4,2022-04-11 21:33:29
189,rb2210,SHFE,0_0_      293355,      617005,空,平今,4887.0,2,2022-04-11 21:34:17
190,rb2210,SHFE,0_0_      295084,      617437,多,开,4886.0,2,2022-04-11 21:34:20
191,rb2210,SHFE,0_0_      324662,      659782,空,平今,4886.0,1,2022-04-11 21:37:33
192,rb2210,SHFE,0_0_      295445,      660439,空,平今,4887.0,2,2022-04-11 21:37:36
193,rb2210,SHFE,0_0_      326878,      663952,多,平今,4889.0,1,2022-04-11 21:37:51
194,rb2210,SHFE,0_0_      326878,      664001,多,平今,4889.0,1,2022-04-11 21:37:51
195,rb2210,SHFE,0_0_      329233,      668320,空,平今,4888.0,3,2022-04-11 21:38:09
196,rb2210,SHFE,0_0_      340530,      679666,空,开,4894.0,4,2022-04-11 21:39:06
197,rb2210,SHFE,0_0_      340622,      680036,多,平今,4893.0,4,2022-04-11 21:39:08
198,rb2210,SHFE,0_0_      340968,      680086,空,开,4894.000000000001,4,2022-04-11 21:39:09
199,rb2210,SHFE,0_0_      341016,      681422,多,平今,4893.0,4,2022-04-11 21:39:15
200,rb2210,SHFE,0_0_      342043,      681978,空,开,4893.0,1,2022-04-11 21:39:17
201,rb2210,SHFE,0_0_      342043,      681979,空,开,4893.0,3,2022-04-11 21:39:17
202,rb2210,SHFE,0_0_      342793,      682865,多,平今,4892.0,1,2022-04-11 21:39:23
203,rb2210,SHFE,0_0_      342793,      682876,多,平今,4892.0,3,2022-04-11 21:39:24
204,rb2210,SHFE,0_0_      342346,      682899,空,开,4893.0,3,2022-04-11 21:39:24
205,rb2210,SHFE,0_0_      347843,      688319,多,平今,4892.0,3,2022-04-11 21:40:01
206,rb2210,SHFE,0_0_      352889,      693711,空,开,4890.0,7,2022-04-11 21:40:23
207,rb2210,SHFE,0_0_      377473,      719459,多,平今,4892.0,3,2022-04-11 21:42:47
208,rb2210,SHFE,0_0_      379130,      720573,多,开,4892.0,2,2022-04-11 21:42:55
209,rb2210,SHFE,0_0_      387659,      731228,空,开,4893.0,1,2022-04-11 21:43:57
210,rb2210,SHFE,0_0_      387659,      731266,空,开,4893.0,1,2022-04-11 21:43:58
211,rb2210,SHFE,0_0_      387659,      731268,空,开,4893.0,1,2022-04-11 21:43:58
212,rb2210,SHFE,0_0_      387659,      731315,空,开,4893.0,1,2022-04-11 21:43:58
213,rb2210,SHFE,0_0_      366088,      737474,多,平今,4889.0,1,2022-04-11 21:44:39
214,rb2210,SHFE,0_0_      366088,      737521,多,平今,4889.0,2,2022-04-11 21:44:39
215,rb2210,SHFE,0_0_      366088,      737594,多,平今,4889.0,1,2022-04-11 21:44:40
216,rb2210,SHFE,0_0_      394753,      738301,空,开,4889.0,4,2022-04-11 21:44:45
217,rb2210,SHFE,0_0_      400627,      745467,空,平今,4888.0,1,2022-04-11 21:45:19
218,rb2210,SHFE,0_0_      330384,      746074,多,开,4887.0,3,2022-04-11 21:45:21
219,rb2210,SHFE,0_0_      401039,      746828,空,平今,4888.0,3,2022-04-11 21:45:25
220,rb2210,SHFE,0_0_      401236,      746833,空,平今,4888.0,1,2022-04-11 21:45:25
221,rb2210,SHFE,0_0_      412687,      760497,多,开,4892.0,3,2022-04-11 21:46:38
222,rb2210,SHFE,0_0_      414974,      763500,多,开,4892.0,2,2022-04-11 21:47:02
223,rb2210,SHFE,0_0_      419074,      768889,空,平今,4896.0,4,2022-04-11 21:47:26
224,rb2210,SHFE,0_0_      421320,      772530,多,平今,4900.0,3,2022-04-11 21:47:39
225,rb2210,SHFE,0_0_      427032,      793065,多,平今,4902.0,3,2022-04-11 21:48:46
226,rb2210,SHFE,0_0_      434996,      793872,空,开,4901.0,4,2022-04-11 21:48:49
227,rb2210,SHFE,0_0_      435654,      794701,多,平今,4900.0,1,2022-04-11 21:48:52
228,rb2210,SHFE,0_0_      435728,      797726,空,平今,4901.0,1,2022-04-11 21:49:01
229,rb2210,SHFE,0_0_      437404,      797939,多,平今,4900.0,1,2022-04-11 21:49:01
230,rb2210,SHFE,0_0_      444705,      808844,多,平今,4898.0,1,2022-04-11 21:49:46
231,rb2210,SHFE,0_0_      437497,      809103,空,开,4901.0,1,2022-04-11 21:49:46
232,rb2210,SHFE,0_0_      444757,      809138,多,平今,4900.0,1,2022-04-11 21:49:46
233,rb2210,SHFE,0_0_      444785,      809441,空,开,4899.0,1,2022-04-11 21:49:47
234,rb2210,SHFE,0_0_      445368,      810235,空,开,4898.0,1,2022-04-11 21:49:51
235,rb2210,SHFE,0_0_      445903,      811120,多,开,4899.0,5,2022-04-11 21:49:56
236,rb2210,SHFE,0_0_      445903,      811121,多,开,4899.0,2,2022-04-11 21:49:56
237,rb2210,SHFE,0_0_      446482,      811273,空,平今,4899.0,6,2022-04-11 21:49:57
238,rb2210,SHFE,0_0_      446591,      812138,空,开,4899.0,2,2022-04-11 21:50:01
239,rb2210,SHFE,0_0_      449007,      814429,多,开,4903.0,2,2022-04-11 21:50:10
240,rb2210,SHFE,0_0_      449007,      814430,多,开,4903.0,1,2022-04-11 21:50:10
241,rb2210,SHFE,0_0_      449007,      814435,多,开,4903.0,1,2022-04-11 21:50:10
242,rb2210,SHFE,0_0_      456638,      824411,空,平今,4903.0,1,2022-04-11 21:51:04
243,rb2210,SHFE,0_0_      456638,      824557,空,平今,4903.0,1,2022-04-11 21:51:04
244,rb2210,SHFE,0_0_      456638,      824683,空,平今,4903.0,1,2022-04-11 21:51:05
245,rb2210,SHFE,0_0_      458897,      825058,多,开,4902.0,3,2022-04-11 21:51:07
246,rb2210,SHFE,0_0_      459106,      826281,空,平今,4903.0,4,2022-04-11 21:51:13
247,rb2210,SHFE,0_0_      460014,      827790,多,开,4902.0,6,2022-04-11 21:51:20
248,rb2210,SHFE,0_0_      465746,      831983,空,平今,4901.0,1,2022-04-11 21:51:39
249,rb2210,SHFE,0_0_      465746,      831984,空,平今,4901.0,2,2022-04-11 21:51:39
250,rb2210,SHFE,0_0_      465746,      831985,空,平今,4901.0,1,2022-04-11 21:51:39
251,rb2210,SHFE,0_0_      466580,      833973,空,平今,4900.0,2,2022-04-11 21:51:49
252,rb2210,SHFE,0_0_      447075,      860280,多,平今,4898.0,1,2022-04-11 21:54:00
253,rb2210,SHFE,0_0_      447075,      860281,多,平今,4898.0,1,2022-04-11 21:54:00
254,rb2210,SHFE,0_0_      447075,      860282,多,平今,4898.0,1,2022-04-11 21:54:00
255,rb2210,SHFE,0_0_      447075,      860283,多,平今,4898.0,1,2022-04-11 21:54:00
256,rb2210,SHFE,0_0_      447075,      860294,多,平今,4898.0,1,2022-04-11 21:54:00
257,rb2210,SHFE,0_0_      447075,      860352,多,平今,4898.0,1,2022-04-11 21:54:00
258,rb2210,SHFE,0_0_      490761,      862956,空,平今,4899.000000000001,2,2022-04-11 21:54:13
259,rb2210,SHFE,0_0_      509013,      885621,多,开,4900.0,1,2022-04-11 21:56:02
260,rb2210,SHFE,0_0_      509013,      885698,多,开,4900.0,1,2022-04-11 21:56:03
261,rb2210,SHFE,0_0_      509418,      886066,空,平今,4901.0,1,2022-04-11 21:56:05
262,rb2210,SHFE,0_0_      517824,      896090,空,开,4900.0,3,2022-04-11 21:57:07
263,rb2210,SHFE,0_0_      517931,      896940,多,平今,4899.0,2,2022-04-11 21:57:11
264,rb2210,SHFE,0_0_      517931,      896941,多,平今,4899.0,1,2022-04-11 21:57:11
265,rb2210,SHFE,0_0_      518840,      904672,空,开,4900.0,3,2022-04-11 21:57:57
266,rb2210,SHFE,0_0_      498569,      907292,空,开,4903.0,1,2022-04-11 21:58:07
267,rb2210,SHFE,0_0_      498569,      907293,空,开,4903.0,1,2022-04-11 21:58:07
268,rb2210,SHFE,0_0_      533117,      912763,多,平今,4905.0,3,2022-04-11 21:58:33
269,rb2210,SHFE,0_0_      534281,      917125,空,开,4909.0,4,2022-04-11 21:58:43
270,rb2210,SHFE,0_0_      536523,      918787,多,平今,4908.0,7,2022-04-11 21:58:51
271,rb2210,SHFE,0_0_      537010,      919457,空,平今,4908.000000000001,1,2022-04-11 21:58:54
272,rb2210,SHFE,0_0_      544064,      927237,空,开,4908.0,3,2022-04-11 21:59:35
273,rb2210,SHFE,0_0_      544064,      927252,空,开,4908.0,1,2022-04-11 21:59:35
274,rb2210,SHFE,0_0_      544064,      927254,空,开,4908.0,1,2022-04-11 21:59:35
275,rb2210,SHFE,0_0_      544064,      927278,空,开,4908.0,1,2022-04-11 21:59:36
276,rb2210,SHFE,0_0_      556213,      945033,多,开,4911.0,2,2022-04-11 22:00:42
277,rb2210,SHFE,0_0_      555913,      946887,多,平今,4910.0,2,2022-04-11 22:00:48
278,rb2210,SHFE,0_0_      557754,      947242,空,开,4911.0,1,2022-04-11 22:00:50
279,rb2210,SHFE,0_0_      557754,      947246,空,开,4911.0,1,2022-04-11 22:00:50
280,rb2210,SHFE,0_0_      557754,      947248,空,开,4911.0,2,2022-04-11 22:00:50
281,rb2210,SHFE,0_0_      573511,      967161,多,平今,4907.0,4,2022-04-11 22:02:30
282,rb2210,SHFE,0_0_      557888,      981050,空,平今,4911.0,1,2022-04-11 22:04:04
283,rb2210,SHFE,0_0_      587425,      981536,多,平今,4911.0,1,2022-04-11 22:04:08
284,rb2210,SHFE,0_0_      587646,      981852,多,平今,4911.0,2,2022-04-11 22:04:09
285,rb2210,SHFE,0_0_      588171,      982582,多,开,4910.0,1,2022-04-11 22:04:15
286,rb2210,SHFE,0_0_      588335,      982902,多,开,4910.0,4,2022-04-11 22:04:18
287,rb2210,SHFE,0_0_      588434,      983514,空,平今,4911.0,4,2022-04-11 22:04:24
288,rb2210,SHFE,0_0_      593400,      988005,多,开,4910.0,1,2022-04-11 22:04:58
289,rb2210,SHFE,0_0_      593400,      988018,多,开,4910.0,4,2022-04-11 22:04:58
290,rb2210,SHFE,0_0_      601695,      997982,空,平今,4909.0,2,2022-04-11 22:06:08
291,rb2210,SHFE,0_0_      612322,     1006062,多,平今,4915.0,1,2022-04-11 22:07:07
292,rb2210,SHFE,0_0_      612736,     1007018,空,平今,4915.0,2,2022-04-11 22:07:09
293,rb2210,SHFE,0_0_      612810,     1007088,空,开,4915.0,1,2022-04-11 22:07:09
294,rb2210,SHFE,0_0_      612810,     1007091,空,开,4915.0,1,2022-04-11 22:07:09
295,rb2210,SHFE,0_0_      612810,     1007092,空,开,4915.0,1,2022-04-11 22:07:09
296,rb2210,SHFE,0_0_      612810,     1007094,空,开,4915.0,1,2022-04-11 22:07:09
297,rb2210,SHFE,0_0_      613050,     1009897,空,平今,4915.0,1,2022-04-11 22:07:24
298,rb2210,SHFE,0_0_      613050,     1009899,空,平今,4915.0,1,2022-04-11 22:07:24
299,rb2210,SHFE,0_0_      611633,     1011119,多,开,4912.0,1,2022-04-11 22:07:29
300,rb2210,SHFE,0_0_      611633,     1011224,多,开,4912.0,1,2022-04-11 22:07:30
301,rb2210,SHFE,0_0_      615825,     1015037,空,开,4914.0,3,2022-04-11 22:07:49
302,rb2210,SHFE,0_0_      619671,     1016084,空,平今,4912.0,2,2022-04-11 22:07:55
303,rb2210,SHFE,0_0_      623599,     1021815,多,平今,4916.0,4,2022-04-11 22:08:12
304,rb2210,SHFE,0_0_      623705,     1022078,多,开,4916.0,4,2022-04-11 22:08:13
305,rb2210,SHFE,0_0_      624546,     1022739,多,平今,4916.0,3,2022-04-11 22:08:15
306,rb2210,SHFE,0_0_      624599,     1022744,空,平今,4917.0,2,2022-04-11 22:08:15
307,rb2210,SHFE,0_0_      624601,     1022753,多,开,4916.0,1,2022-04-11 22:08:15
308,rb2210,SHFE,0_0_      624601,     1022755,多,开,4916.0,1,2022-04-11 22:08:15
309,rb2210,SHFE,0_0_      624615,     1023157,空,平今,4917.0,2,2022-04-11 22:08:17
310,rb2210,SHFE,0_0_      624642,     1023353,多,开,4915.0,2,2022-04-11 22:08:18
311,rb2210,SHFE,0_0_      625618,     1024951,空,平今,4916.0,2,2022-04-11 22:08:24
312,rb2210,SHFE,0_0_      625618,     1024953,空,平今,4916.0,2,2022-04-11 22:08:24
313,rb2210,SHFE,0_0_      629529,     1033307,空,开,4916.0,2,2022-04-11 22:09:00
314,rb2210,SHFE,0_0_      629529,     1033308,空,开,4916.0,2,2022-04-11 22:09:00
315,rb2210,SHFE,0_0_      632225,     1036108,多,平今,4917.0,1,2022-04-11 22:09:06
316,rb2210,SHFE,0_0_      632225,     1036109,多,平今,4917.0,1,2022-04-11 22:09:06
317,rb2210,SHFE,0_0_      632225,     1036126,多,平今,4917.0,2,2022-04-11 22:09:06
318,rb2210,SHFE,0_0_      635303,     1041140,空,开,4918.000000000001,2,2022-04-11 22:09:22
319,rb2210,SHFE,0_0_      636344,     1043299,空,平今,4918.0,1,2022-04-11 22:09:34
320,rb2210,SHFE,0_0_      638546,     1046449,多,平今,4917.0,1,2022-04-11 22:09:51
321,rb2210,SHFE,0_0_      640874,     1046689,空,开,4917.0,4,2022-04-11 22:09:52
322,rb2210,SHFE,0_0_      640874,     1046691,空,开,4917.0,3,2022-04-11 22:09:52
323,rb2210,SHFE,0_0_      641291,     1047698,多,平今,4917.0,1,2022-04-11 22:09:57
324,rb2210,SHFE,0_0_      641291,     1047702,多,平今,4917.0,3,2022-04-11 22:09:57
325,rb2210,SHFE,0_0_      641561,     1054801,多,平今,4917.0,4,2022-04-11 22:10:22
326,rb2210,SHFE,0_0_      631718,     1056560,多,开,4915.0,2,2022-04-11 22:10:31
327,rb2210,SHFE,0_0_      631718,     1056563,多,开,4915.0,1,2022-04-11 22:10:31
328,rb2210,SHFE,0_0_      631718,     1056566,多,开,4915.0,3,2022-04-11 22:10:31
329,rb2210,SHFE,0_0_      648637,     1057151,空,平今,4916.0,1,2022-04-11 22:10:35
330,rb2210,SHFE,0_0_      648739,     1058751,多,开,4915.0,1,2022-04-11 22:10:47
331,rb2210,SHFE,0_0_      649735,     1061337,空,平今,4916.0,3,2022-04-11 22:11:03
332,rb2210,SHFE,0_0_      653526,     1063402,多,开,4916.000000000001,3,2022-04-11 22:11:14
333,rb2210,SHFE,0_0_      653035,     1064262,多,开,4915.0,1,2022-04-11 22:11:19
334,rb2210,SHFE,0_0_      654674,     1065351,空,平今,4916.000000000001,2,2022-04-11 22:11:27
335,rb2210,SHFE,0_0_      655620,     1066023,多,开,4915.0,2,2022-04-11 22:11:31
336,rb2210,SHFE,0_0_      655738,     1068387,空,平今,4916.0,2,2022-04-11 22:11:49
337,rb2210,SHFE,0_0_      658032,     1068674,多,开,4915.0,1,2022-04-11 22:11:51
338,rb2210,SHFE,0_0_      658322,     1068790,空,平今,4916.0,2,2022-04-11 22:11:52
339,rb2210,SHFE,0_0_      658322,     1068791,空,平今,4916.0,3,2022-04-11 22:11:52
340,rb2210,SHFE,0_0_      659304,     1069784,多,开,4916.0,1,2022-04-11 22:11:58
341,rb2210,SHFE,0_0_      659636,     1069915,多,开,4916.0,1,2022-04-11 22:11:59
342,rb2210,SHFE,0_0_      660228,     1071061,空,平今,4917.0,1,2022-04-11 22:12:04
343,rb2210,SHFE,0_0_      660365,     1071192,多,开,4917.0,1,2022-04-11 22:12:05
344,rb2210,SHFE,0_0_      658365,     1072875,多,开,4915.0,1,2022-04-11 22:12:11
345,rb2210,SHFE,0_0_      658365,     1072877,多,开,4915.0,2,2022-04-11 22:12:11
346,rb2210,SHFE,0_0_      658365,     1072878,多,开,4915.0,2,2022-04-11 22:12:11
347,rb2210,SHFE,0_0_      661795,     1077587,空,平今,4916.0,3,2022-04-11 22:12:38
348,rb2210,SHFE,0_0_      660774,     1078279,空,平今,4917.0,1,2022-04-11 22:12:41
349,rb2210,SHFE,0_0_      660774,     1078280,空,平今,4917.0,1,2022-04-11 22:12:41
350,rb2210,SHFE,0_0_      646673,     1080187,空,开,4918.0,4,2022-04-11 22:12:55
351,rb2210,SHFE,0_0_      669722,     1081993,多,平今,4919.0,4,2022-04-11 22:13:07
352,rb2210,SHFE,0_0_      670938,     1083296,空,平今,4919.0,3,2022-04-11 22:13:15
353,rb2210,SHFE,0_0_      671119,     1084949,多,开,4918.0,4,2022-04-11 22:13:25
354,rb2210,SHFE,0_0_      672749,     1085123,空,平今,4919.0,4,2022-04-11 22:13:26
355,rb2210,SHFE,0_0_      672813,     1090254,多,开,4918.0,1,2022-04-11 22:14:00
356,rb2210,SHFE,0_0_      672813,     1090329,多,开,4918.0,3,2022-04-11 22:14:00
357,rb2210,SHFE,0_0_      676368,     1090347,空,开,4919.0,2,2022-04-11 22:14:00
358,rb2210,SHFE,0_0_      668022,     1091289,多,开,4916.0,2,2022-04-11 22:14:05
359,rb2210,SHFE,0_0_      668022,     1091299,多,开,4916.0,1,2022-04-11 22:14:05
360,rb2210,SHFE,0_0_      668022,     1091356,多,开,4916.0,1,2022-04-11 22:14:05
361,rb2210,SHFE,0_0_      676711,     1092701,空,平今,4918.0,4,2022-04-11 22:14:12
362,rb2210,SHFE,0_0_      681933,     1097526,空,开,4919.0,5,2022-04-11 22:14:40
363,rb2210,SHFE,0_0_      682054,     1098073,多,平今,4919.0,4,2022-04-11 22:14:45
364,rb2210,SHFE,0_0_      682798,     1099328,多,平今,4920.0,2,2022-04-11 22:14:52
365,rb2210,SHFE,0_0_      682798,     1099461,多,平今,4920.0,1,2022-04-11 22:14:52
366,rb2210,SHFE,0_0_      678026,     1101731,多,开,4917.0,4,2022-04-11 22:14:59
367,rb2210,SHFE,0_0_      684540,     1101933,空,平今,4918.0,2,2022-04-11 22:15:00
368,rb2210,SHFE,0_0_      684540,     1101937,空,平今,4918.0,1,2022-04-11 22:15:00
369,rb2210,SHFE,0_0_      684638,     1104616,多,开,4917.0,3,2022-04-11 22:15:05
370,rb2210,SHFE,0_0_      688227,     1107218,空,平今,4915.0,1,2022-04-11 22:15:17
371,rb2210,SHFE,0_0_      691791,     1112545,空,开,4914.0,4,2022-04-11 22:15:55
372,rb2210,SHFE,0_0_      692169,     1112679,多,平今,4913.0,2,2022-04-11 22:15:56
373,rb2210,SHFE,0_0_      692169,     1112680,多,平今,4913.0,2,2022-04-11 22:15:56
374,rb2210,SHFE,0_0_      697015,     1120631,空,平今,4911.0,1,2022-04-11 22:16:44
375,rb2210,SHFE,0_0_      697015,     1120634,空,平今,4911.0,1,2022-04-11 22:16:44
376,rb2210,SHFE,0_0_      697015,     1120638,空,平今,4911.0,1,2022-04-11 22:16:44
377,rb2210,SHFE,0_0_      697909,     1120792,多,开,4911.0,4,2022-04-11 22:16:45
378,rb2210,SHFE,0_0_      698133,     1121123,空,开,4911.0,6,2022-04-11 22:16:48
379,rb2210,SHFE,0_0_      707270,     1131381,多,平今,4908.0,1,2022-04-11 22:17:56
380,rb2210,SHFE,0_0_      707310,     1131707,多,平今,4908.0,2,2022-04-11 22:17:58
381,rb2210,SHFE,0_0_      707415,     1131715,空,平今,4909.0,2,2022-04-11 22:17:59
382,rb2210,SHFE,0_0_      713567,     1139517,多,平今,4911.0,1,2022-04-11 22:18:45
383,rb2210,SHFE,0_0_      758331,     1185734,空,平今,4920.0,2,2022-04-11 22:24:24
384,rb2210,SHFE,0_0_      760528,     1186039,多,开,4920.0,3,2022-04-11 22:24:25
385,rb2210,SHFE,0_0_      760528,     1186044,多,开,4920.0,1,2022-04-11 22:24:25
386,rb2210,SHFE,0_0_      760684,     1186589,空,平今,4921.0,5,2022-04-11 22:24:27
387,rb2210,SHFE,0_0_      760776,     1188540,多,开,4920.0,3,2022-04-11 22:24:41
388,rb2210,SHFE,0_0_      760776,     1188611,多,开,4920.0,1,2022-04-11 22:24:42
389,rb2210,SHFE,0_0_      760776,     1188615,多,开,4920.0,1,2022-04-11 22:24:42
390,rb2210,SHFE,0_0_      761762,     1188796,空,平今,4921.0,2,2022-04-11 22:24:44
391,rb2210,SHFE,0_0_      761862,     1188804,空,平今,4921.0,1,2022-04-11 22:24:44
392,rb2210,SHFE,0_0_      762181,     1189079,空,平今,4921.0,1,2022-04-11 22:24:47
393,rb2210,SHFE,0_0_      762622,     1190084,空,平今,4921.0,2,2022-04-11 22:24:55
394,rb2210,SHFE,0_0_      763516,     1190427,多,开,4920.0,1,2022-04-11 22:24:59
395,rb2210,SHFE,0_0_      764517,     1191160,多,开,4920.0,1,2022-04-11 22:25:04
396,rb2210,SHFE,0_0_      766241,     1193212,多,开,4922.0,4,2022-04-11 22:25:17
397,rb2210,SHFE,0_0_      770738,     1200392,空,平今,4925.0,1,2022-04-11 22:25:47
398,rb2210,SHFE,0_0_      771373,     1202810,多,开,4925.0,1,2022-04-11 22:26:00
399,rb2210,SHFE,0_0_      771826,     1203283,空,平今,4926.0,4,2022-04-11 22:26:02
400,rb2210,SHFE,0_0_      772153,     1203788,多,开,4926.0,4,2022-04-11 22:26:04
401,rb2210,SHFE,0_0_      772510,     1204423,空,平今,4926.0,4,2022-04-11 22:26:08
402,rb2210,SHFE,0_0_      772621,     1204666,多,开,4926.000000000001,4,2022-04-11 22:26:09
403,rb2210,SHFE,0_0_      772219,     1205068,空,平今,4927.0,4,2022-04-11 22:26:11
404,rb2210,SHFE,0_0_      772899,     1205130,多,开,4926.0,1,2022-04-11 22:26:12
405,rb2210,SHFE,0_0_      772983,     1205411,空,平今,4926.0,3,2022-04-11 22:26:14
406,rb2210,SHFE,0_0_      773207,     1205548,多,开,4926.0,1,2022-04-11 22:26:15
407,rb2210,SHFE,0_0_      773207,     1205549,多,开,4926.0,2,2022-04-11 22:26:15
408,rb2210,SHFE,0_0_      775797,     1209683,多,开,4925.0,1,2022-04-11 22:26:40
409,rb2210,SHFE,0_0_      775797,     1209704,多,开,4925.0,1,2022-04-11 22:26:40
410,rb2210,SHFE,0_0_      775797,     1209714,多,开,4925.0,1,2022-04-11 22:26:40
411,rb2210,SHFE,0_0_      777745,     1211134,空,平今,4926.0,3,2022-04-11 22:26:53
412,rb2210,SHFE,0_0_      777745,     1211158,空,平今,4926.0,4,2022-04-11 22:26:53
413,rb2210,SHFE,0_0_      777836,     1212114,多,开,4925.0,4,2022-04-11 22:27:02
414,rb2210,SHFE,0_0_      778133,     1212139,多,开,4925.0,1,2022-04-11 22:27:02
415,rb2210,SHFE,0_0_      778336,     1212265,多,开,4925.0,1,2022-04-11 22:27:02
416,rb2210,SHFE,0_0_      779032,     1212572,多,开,4925.0,1,2022-04-11 22:27:03
417,rb2210,SHFE,0_0_      779369,     1213069,空,平今,4926.0,3,2022-04-11 22:27:07
418,rb2210,SHFE,0_0_      779369,     1213070,空,平今,4926.0,1,2022-04-11 22:27:07
419,rb2210,SHFE,0_0_      779369,     1213122,空,平今,4926.0,1,2022-04-11 22:27:07
420,rb2210,SHFE,0_0_      779369,     1213124,空,平今,4926.0,2,2022-04-11 22:27:07
421,rb2210,SHFE,0_0_      781219,     1216718,多,平今,4929.0,1,2022-04-11 22:27:28
422,rb2210,SHFE,0_0_      781263,     1216838,多,平今,4929.0,1,2022-04-11 22:27:29
423,rb2210,SHFE,0_0_      784564,     1222175,空,开,4932.0,3,2022-04-11 22:28:03
424,rb2210,SHFE,0_0_      784564,     1222187,空,开,4932.0,1,2022-04-11 22:28:03
425,rb2210,SHFE,0_0_      784564,     1222194,空,开,4932.0,1,2022-04-11 22:28:03
426,rb2210,SHFE,0_0_      786544,     1225858,空,开,4929.0,2,2022-04-11 22:28:27
427,rb2210,SHFE,0_0_      788035,     1226407,多,平今,4928.0,1,2022-04-11 22:28:30
428,rb2210,SHFE,0_0_      788035,     1226416,多,平今,4928.0,3,2022-04-11 22:28:30
429,rb2210,SHFE,0_0_      788685,     1227030,空,开,4929.0,5,2022-04-11 22:28:33
430,rb2210,SHFE,0_0_      791823,     1230821,多,平今,4928.0,4,2022-04-11 22:29:02
431,rb2210,SHFE,0_0_      792224,     1231075,空,开,4929.0,1,2022-04-11 22:29:04
432,rb2210,SHFE,0_0_      792224,     1231077,空,开,4929.0,1,2022-04-11 22:29:04
433,rb2210,SHFE,0_0_      793256,     1232553,多,平今,4929.0,2,2022-04-11 22:29:13
434,rb2210,SHFE,0_0_      795439,     1235018,多,平今,4926.0,4,2022-04-11 22:29:33
435,rb2210,SHFE,0_0_      798705,     1237887,空,平今,4929.0,1,2022-04-11 22:30:00
436,rb2210,SHFE,0_0_      799443,     1238817,空,开,4927.0,1,2022-04-11 22:30:03
437,rb2210,SHFE,0_0_      799443,     1238821,空,开,4927.0,1,2022-04-11 22:30:03
438,rb2210,SHFE,0_0_      799443,     1238822,空,开,4927.0,2,2022-04-11 22:30:03
439,rb2210,SHFE,0_0_      779410,     1239071,多,开,4925.0,4,2022-04-11 22:30:04
440,rb2210,SHFE,0_0_      799686,     1239346,空,平今,4926.0,1,2022-04-11 22:30:05
441,rb2210,SHFE,0_0_      799686,     1239348,空,平今,4926.0,3,2022-04-11 22:30:05
442,rb2210,SHFE,0_0_      799544,     1239744,空,开,4927.0,4,2022-04-11 22:30:07
443,rb2210,SHFE,0_0_      800089,     1239992,多,平今,4926.0,2,2022-04-11 22:30:09
444,rb2210,SHFE,0_0_      800089,     1239994,多,平今,4926.0,1,2022-04-11 22:30:09
445,rb2210,SHFE,0_0_      800089,     1239995,多,平今,4926.0,1,2022-04-11 22:30:09
446,rb2210,SHFE,0_0_      806981,     1247431,多,平今,4923.0,1,2022-04-11 22:30:52
447,rb2210,SHFE,0_0_      807300,     1247983,空,开,4923.0,1,2022-04-11 22:30:57
448,rb2210,SHFE,0_0_      807468,     1247997,多,平今,4922.0,1,2022-04-11 22:30:57
449,rb2210,SHFE,0_0_      812978,     1255301,空,开,4922.000000000001,1,2022-04-11 22:31:39
450,rb2210,SHFE,0_0_      813590,     1255358,多,平今,4921.0,1,2022-04-11 22:31:39
451,rb2210,SHFE,0_0_      813602,     1255706,空,开,4922.0,1,2022-04-11 22:31:40
452,rb2210,SHFE,0_0_      813790,     1255772,多,平今,4921.0,1,2022-04-11 22:31:40
453,rb2210,SHFE,0_0_      813795,     1256014,空,开,4922.000000000001,1,2022-04-11 22:31:41
454,rb2210,SHFE,0_0_      814040,     1256532,多,开,4922.0,8,2022-04-11 22:31:42
455,rb2210,SHFE,0_0_      814200,     1256565,空,平今,4923.0,8,2022-04-11 22:31:42
456,rb2210,SHFE,0_0_      814228,     1256573,多,开,4922.0,1,2022-04-11 22:31:42
457,rb2210,SHFE,0_0_      814228,     1256579,多,开,4922.0,1,2022-04-11 22:31:42
458,rb2210,SHFE,0_0_      814228,     1256586,多,开,4922.0,5,2022-04-11 22:31:42
459,rb2210,SHFE,0_0_      814228,     1256597,多,开,4922.0,1,2022-04-11 22:31:42
460,rb2210,SHFE,0_0_      814932,     1257130,空,平今,4923.0,8,2022-04-11 22:31:44
461,rb2210,SHFE,0_0_      823365,     1264300,多,开,4924.0,8,2022-04-11 22:32:59
462,rb2210,SHFE,0_0_      823401,     1264532,空,平今,4925.0,4,2022-04-11 22:33:00
463,rb2210,SHFE,0_0_      813911,     1267544,多,平今,4921.0,1,2022-04-11 22:33:24
464,rb2210,SHFE,0_0_      813911,     1267549,多,平今,4921.0,1,2022-04-11 22:33:24
465,rb2210,SHFE,0_0_      826225,     1268238,空,开,4922.0,2,2022-04-11 22:33:35
466,rb2210,SHFE,0_0_      828460,     1269503,多,平今,4921.0,1,2022-04-11 22:33:43
467,rb2210,SHFE,0_0_      828460,     1269511,多,平今,4921.0,2,2022-04-11 22:33:43
468,rb2210,SHFE,0_0_      828460,     1269520,多,平今,4921.0,1,2022-04-11 22:33:43
469,rb2210,SHFE,0_0_      829461,     1270168,空,开,4920.0,1,2022-04-11 22:33:49
470,rb2210,SHFE,0_0_      829461,     1270174,空,开,4920.0,1,2022-04-11 22:33:49
471,rb2210,SHFE,0_0_      829461,     1270175,空,开,4920.0,2,2022-04-11 22:33:49
472,rb2210,SHFE,0_0_      835605,     1275121,多,平今,4921.0,3,2022-04-11 22:34:34
473,rb2210,SHFE,0_0_      824946,     1275821,空,平今,4924.0,2,2022-04-11 22:34:39
474,rb2210,SHFE,0_0_      824946,     1275823,空,平今,4924.0,1,2022-04-11 22:34:39
475,rb2210,SHFE,0_0_      824946,     1275994,空,平今,4924.0,1,2022-04-11 22:34:40
476,rb2210,SHFE,0_0_      836420,     1275998,多,平今,4923.0,1,2022-04-11 22:34:40
477,rb2210,SHFE,0_0_      836434,     1276186,空,开,4924.0,1,2022-04-11 22:34:42
478,rb2210,SHFE,0_0_      836628,     1276275,多,平今,4923.0,1,2022-04-11 22:34:42
479,rb2210,SHFE,0_0_      800277,     1277844,空,开,4927.0,4,2022-04-11 22:35:01
480,rb2210,SHFE,0_0_      838876,     1278128,多,平今,4926.0,1,2022-04-11 22:35:04
481,rb2210,SHFE,0_0_      840499,     1279502,多,开,4925.0,4,2022-04-11 22:35:14
482,rb2210,SHFE,0_0_      836979,     1284116,多,开,4923.0,1,2022-04-11 22:35:53
483,rb2210,SHFE,0_0_      836979,     1284131,多,开,4923.0,1,2022-04-11 22:35:53
484,rb2210,SHFE,0_0_      836979,     1284409,多,开,4923.0,1,2022-04-11 22:35:54
485,rb2210,SHFE,0_0_      847291,     1285952,空,平今,4923.0,2,2022-04-11 22:36:07
486,rb2210,SHFE,0_0_      848225,     1287023,空,平今,4923.0,1,2022-04-11 22:36:17
487,rb2210,SHFE,0_0_      851723,     1292254,空,平今,4918.0,4,2022-04-11 22:36:54
488,rb2210,SHFE,0_0_      851849,     1292549,多,平今,4917.0,3,2022-04-11 22:36:57
489,rb2210,SHFE,0_0_      852155,     1292685,空,开,4918.0,4,2022-04-11 22:36:57
490,rb2210,SHFE,0_0_      852174,     1293288,多,平今,4917.0,4,2022-04-11 22:37:01
491,rb2210,SHFE,0_0_      852526,     1293304,空,开,4918.0,2,2022-04-11 22:37:01
492,rb2210,SHFE,0_0_      852526,     1293394,空,开,4918.0,1,2022-04-11 22:37:01
493,rb2210,SHFE,0_0_      852526,     1293410,空,开,4918.0,1,2022-04-11 22:37:01
494,rb2210,SHFE,0_0_      855963,     1297794,多,开,4921.0,5,2022-04-11 22:37:33
495,rb2210,SHFE,0_0_      863118,     1307354,多,平今,4923.0,1,2022-04-11 22:38:43
496,rb2210,SHFE,0_0_      865013,     1307389,空,平今,4924.0,5,2022-04-11 22:38:43
497,rb2210,SHFE,0_0_      870098,     1313188,多,开,4924.0,8,2022-04-11 22:39:26
498,rb2210,SHFE,0_0_      872511,     1315001,多,平今,4926.0,1,2022-04-11 22:39:42
499,rb2210,SHFE,0_0_      872691,     1315286,空,平今,4927.0,1,2022-04-11 22:39:45
500,rb2210,SHFE,0_0_      872852,     1315468,空,平今,4927.0,2,2022-04-11 22:39:46
501,rb2210,SHFE,0_0_      873438,     1316374,多,平今,4928.0,1,2022-04-11 22:39:54
502,rb2210,SHFE,0_0_      875224,     1317515,多,开,4928.0,2,2022-04-11 22:40:04
503,rb2210,SHFE,0_0_      881085,     1323525,空,平今,4929.0,7,2022-04-11 22:41:01
504,rb2210,SHFE,0_0_      885245,     1331922,多,开,4928.0,4,2022-04-11 22:42:15
505,rb2210,SHFE,0_0_      889186,     1332169,空,平今,4928.0,1,2022-04-11 22:42:18
506,rb2210,SHFE,0_0_      883153,     1332373,多,平今,4927.0,1,2022-04-11 22:42:21
507,rb2210,SHFE,0_0_      889675,     1333344,空,平今,4928.0,1,2022-04-11 22:42:32
508,rb2210,SHFE,0_0_      891705,     1334676,空,平今,4928.0,1,2022-04-11 22:42:47
509,rb2210,SHFE,0_0_      897783,     1340903,多,开,4926.0,1,2022-04-11 22:43:39
510,rb2210,SHFE,0_0_      897783,     1340907,多,开,4926.0,1,2022-04-11 22:43:39
511,rb2210,SHFE,0_0_      897783,     1340971,多,开,4926.0,1,2022-04-11 22:43:40
512,rb2210,SHFE,0_0_      897783,     1341007,多,开,4926.0,1,2022-04-11 22:43:40
513,rb2210,SHFE,0_0_      897783,     1341009,多,开,4926.0,1,2022-04-11 22:43:40
514,rb2210,SHFE,0_0_      897783,     1341039,多,开,4926.0,2,2022-04-11 22:43:41
515,rb2210,SHFE,0_0_      892745,     1343445,空,平今,4928.0,1,2022-04-11 22:44:12
516,rb2210,SHFE,0_0_      903173,     1345613,空,开,4926.0,4,2022-04-11 22:44:32
517,rb2210,SHFE,0_0_      904893,     1346938,空,平今,4925.0,1,2022-04-11 22:44:48
518,rb2210,SHFE,0_0_      905019,     1347229,空,开,4925.0,3,2022-04-11 22:44:51
519,rb2210,SHFE,0_0_      903417,     1347472,空,平今,4926.0,1,2022-04-11 22:44:55
520,rb2210,SHFE,0_0_      902846,     1347657,空,平今,4927.0,1,2022-04-11 22:44:57
521,rb2210,SHFE,0_0_      902846,     1347839,空,平今,4927.0,1,2022-04-11 22:44:59
522,rb2210,SHFE,0_0_      902846,     1347893,空,平今,4927.0,2,2022-04-11 22:45:00
523,rb2210,SHFE,0_0_      906713,     1347927,多,平今,4926.0,1,2022-04-11 22:45:00
524,rb2210,SHFE,0_0_      907076,     1349910,多,开,4926.0,1,2022-04-11 22:45:13
525,rb2210,SHFE,0_0_      907076,     1349916,多,开,4926.0,6,2022-04-11 22:45:13
526,rb2210,SHFE,0_0_      912034,     1354392,空,平今,4926.0,4,2022-04-11 22:45:52
527,rb2210,SHFE,0_0_      914885,     1357367,空,平今,4925.0,1,2022-04-11 22:46:29
528,rb2210,SHFE,0_0_      917962,     1358898,多,平今,4925.0,3,2022-04-11 22:46:45
529,rb2210,SHFE,0_0_      918859,     1360110,多,开,4927.0,2,2022-04-11 22:46:51
530,rb2210,SHFE,0_0_      918859,     1360234,多,开,4927.0,2,2022-04-11 22:46:53
531,rb2210,SHFE,0_0_      922122,     1365166,空,平今,4931.0,2,2022-04-11 22:47:20
532,rb2210,SHFE,0_0_      922122,     1365172,空,平今,4931.0,1,2022-04-11 22:47:20
533,rb2210,SHFE,0_0_      925212,     1368284,空,平今,4931.0,1,2022-04-11 22:47:39
534,rb2210,SHFE,0_0_      925212,     1368314,空,平今,4931.0,1,2022-04-11 22:47:39
535,rb2210,SHFE,0_0_      925212,     1368318,空,平今,4931.0,1,2022-04-11 22:47:39
536,rb2210,SHFE,0_0_      925212,     1368319,空,平今,4931.0,1,2022-04-11 22:47:39
537,rb2210,SHFE,0_0_      926133,     1369527,空,开,4930.0,2,2022-04-11 22:47:50
538,rb2210,SHFE,0_0_      931280,     1381281,空,开,4937.0,1,2022-04-11 22:48:21
539,rb2210,SHFE,0_0_      933286,     1385238,多,平今,4941.0,1,2022-04-11 22:48:31
540,rb2210,SHFE,0_0_      933286,     1385275,多,平今,4941.0,1,2022-04-11 22:48:31
541,rb2210,SHFE,0_0_      933286,     1385289,多,平今,4941.0,1,2022-04-11 22:48:31
542,rb2210,SHFE,0_0_      933286,     1385291,多,平今,4941.0,1,2022-04-11 22:48:31
543,rb2210,SHFE,0_0_      933414,     1385296,空,开,4942.0,3,2022-04-11 22:48:31
544,rb2210,SHFE,0_0_      933414,     1385297,空,开,4942.0,1,2022-04-11 22:48:31
545,rb2210,SHFE,0_0_      935876,     1389171,多,开,4940.0,8,2022-04-11 22:48:46
546,rb2210,SHFE,0_0_      936056,     1389401,空,平今,4940.0,4,2022-04-11 22:48:47
547,rb2210,SHFE,0_0_      936199,     1391135,空,平今,4941.0,3,2022-04-11 22:48:59
548,rb2210,SHFE,0_0_      937907,     1391345,多,平今,4940.0,3,2022-04-11 22:49:00
549,rb2210,SHFE,0_0_      938002,     1391348,空,开,4941.0,1,2022-04-11 22:49:00
550,rb2210,SHFE,0_0_      938002,     1391387,空,开,4941.0,1,2022-04-11 22:49:00
551,rb2210,SHFE,0_0_      938002,     1391389,空,开,4941.0,2,2022-04-11 22:49:00
552,rb2210,SHFE,0_0_      938472,     1392197,多,开,4941.0,7,2022-04-11 22:49:04
553,rb2210,SHFE,0_0_      938419,     1393034,多,平今,4940.0,3,2022-04-11 22:49:07
554,rb2210,SHFE,0_0_      939001,     1393051,空,平今,4941.0,3,2022-04-11 22:49:07
555,rb2210,SHFE,0_0_      939024,     1393113,空,平今,4941.0,5,2022-04-11 22:49:08
556,rb2210,SHFE,0_0_      945586,     1401041,空,开,4937.0,1,2022-04-11 22:49:58
557,rb2210,SHFE,0_0_      947658,     1403919,多,开,4939.0,8,2022-04-11 22:50:09
558,rb2210,SHFE,0_0_      952192,     1410178,多,平今,4941.0,1,2022-04-11 22:50:32
559,rb2210,SHFE,0_0_      953101,     1412886,空,平今,4942.0,4,2022-04-11 22:50:43
560,rb2210,SHFE,0_0_      953878,     1413043,多,开,4941.0,4,2022-04-11 22:50:44
561,rb2210,SHFE,0_0_      954026,     1414535,空,平今,4942.0,1,2022-04-11 22:50:52
562,rb2210,SHFE,0_0_      954026,     1414540,空,平今,4942.0,3,2022-04-11 22:50:52
563,rb2210,SHFE,0_0_      955199,     1415005,多,开,4941.0,1,2022-04-11 22:50:55
564,rb2210,SHFE,0_0_      955199,     1415009,多,开,4941.0,3,2022-04-11 22:50:55
565,rb2210,SHFE,0_0_      955547,     1415876,空,平今,4942.0,1,2022-04-11 22:51:00
566,rb2210,SHFE,0_0_      955977,     1416023,多,平今,4941.0,1,2022-04-11 22:51:01
567,rb2210,SHFE,0_0_      963048,     1424995,空,平今,4938.0,1,2022-04-11 22:51:48
568,rb2210,SHFE,0_0_      963048,     1425004,空,平今,4938.0,4,2022-04-11 22:51:48
569,rb2210,SHFE,0_0_      963048,     1425017,空,平今,4938.0,1,2022-04-11 22:51:48
570,rb2210,SHFE,0_0_      968869,     1431175,空,平今,4938.0,1,2022-04-11 22:52:25
571,rb2210,SHFE,0_0_      969189,     1431358,多,开,4937.0,4,2022-04-11 22:52:26
572,rb2210,SHFE,0_0_      969372,     1431418,空,平今,4937.0,1,2022-04-11 22:52:27
573,rb2210,SHFE,0_0_      982066,     1444676,多,平今,4937.0,1,2022-04-11 22:54:12
574,rb2210,SHFE,0_0_      994825,     1452576,空,平今,4932.0,2,2022-04-11 22:55:11
575,rb2210,SHFE,0_0_      995277,     1453375,多,平今,4931.0,2,2022-04-11 22:55:17
576,rb2210,SHFE,0_0_     1000703,     1457386,多,开,4935.0,2,2022-04-11 22:55:51
577,rb2210,SHFE,0_0_     1000703,     1457396,多,开,4935.0,1,2022-04-11 22:55:51
578,rb2210,SHFE,0_0_     1000703,     1457398,多,开,4935.0,1,2022-04-11 22:55:51
579,rb2210,SHFE,0_0_     1000703,     1457401,多,开,4935.0,1,2022-04-11 22:55:51
580,rb2210,SHFE,0_0_     1005859,     1464084,空,平今,4933.0,2,2022-04-11 22:56:44
581,rb2210,SHFE,0_0_     1008216,     1466259,空,平今,4928.0,2,2022-04-11 22:56:58
582,rb2210,SHFE,0_0_     1008329,     1466604,多,开,4928.0,2,2022-04-11 22:56:59
583,rb2210,SHFE,0_0_     1011341,     1470239,空,平今,4929.0,4,2022-04-11 22:57:22
584,rb2210,SHFE,0_0_     1015589,     1479518,空,开,4929.0,4,2022-04-11 22:58:17
585,rb2210,SHFE,0_0_     1018124,     1479758,多,平今,4928.0,1,2022-04-11 22:58:18
586,rb2210,SHFE,0_0_     1018124,     1479830,多,平今,4928.0,3,2022-04-11 22:58:18
587,rb2210,SHFE,0_0_     1345316,     1744686,多,开,4935.0,1,2022-04-12 09:00:16
588,rb2210,SHFE,0_0_     1347304,     1764016,空,开,4936.0,4,2022-04-12 09:01:08
589,rb2210,SHFE,0_0_     1347605,     1765992,多,开,4939.0,2,2022-04-12 09:01:13
590,rb2210,SHFE,0_0_     1347883,     1767833,空,开,4938.0,2,2022-04-12 09:01:20
591,rb2210,SHFE,0_0_     1347883,     1767836,空,开,4938.0,1,2022-04-12 09:01:20
592,rb2210,SHFE,0_0_     1347883,     1767839,空,开,4938.0,1,2022-04-12 09:01:20
593,rb2210,SHFE,0_0_     1348055,     1769352,多,平今,4938.0,2,2022-04-12 09:01:25
594,rb2210,SHFE,0_0_     1347390,     1771357,多,平今,4936.0,3,2022-04-12 09:01:32
595,rb2210,SHFE,0_0_     1348546,     1772258,多,平今,4937.0,1,2022-04-12 09:01:36
596,rb2210,SHFE,0_0_     1348777,     1773883,空,开,4937.0,4,2022-04-12 09:01:43
597,rb2210,SHFE,0_0_     1350301,     1781922,空,平今,4938.0,2,2022-04-12 09:02:10
598,rb2210,SHFE,0_0_     1351373,     1788049,空,平今,4942.0,1,2022-04-12 09:02:35
599,rb2210,SHFE,0_0_     1351463,     1788186,多,平今,4941.0,1,2022-04-12 09:02:35
600,rb2210,SHFE,0_0_     1351557,     1788533,多,开,4941.0,1,2022-04-12 09:02:36
601,rb2210,SHFE,0_0_     1351557,     1788535,多,开,4941.0,4,2022-04-12 09:02:36
602,rb2210,SHFE,0_0_     1351557,     1788536,多,开,4941.0,3,2022-04-12 09:02:36
603,rb2210,SHFE,0_0_     1351619,     1788910,空,平今,4942.0,1,2022-04-12 09:02:37
604,rb2210,SHFE,0_0_     1351833,     1789400,空,平今,4942.0,3,2022-04-12 09:02:39
605,rb2210,SHFE,0_0_     1351895,     1789593,空,平今,4942.0,3,2022-04-12 09:02:40
606,rb2210,SHFE,0_0_     1352189,     1790738,多,开,4943.0,2,2022-04-12 09:02:44
607,rb2210,SHFE,0_0_     1352189,     1790739,多,开,4943.0,1,2022-04-12 09:02:44
608,rb2210,SHFE,0_0_     1352189,     1790740,多,开,4943.0,2,2022-04-12 09:02:44
609,rb2210,SHFE,0_0_     1353698,     1797742,空,平今,4947.0,1,2022-04-12 09:03:05
610,rb2210,SHFE,0_0_     1353698,     1797809,空,平今,4947.0,3,2022-04-12 09:03:06
611,rb2210,SHFE,0_0_     1353698,     1797815,空,平今,4947.0,1,2022-04-12 09:03:06
612,rb2210,SHFE,0_0_     1353698,     1797816,空,平今,4947.0,1,2022-04-12 09:03:06
613,rb2210,SHFE,0_0_     1353927,     1798905,多,开,4947.0,4,2022-04-12 09:03:09
614,rb2210,SHFE,0_0_     1354428,     1801227,多,平今,4949.0,1,2022-04-12 09:03:14
615,rb2210,SHFE,0_0_     1355335,     1804157,多,开,4949.0,1,2022-04-12 09:03:22
616,rb2210,SHFE,0_0_     1355372,     1804188,空,平今,4950.0,1,2022-04-12 09:03:22
617,rb2210,SHFE,0_0_     1355375,     1804193,多,平今,4949.0,1,2022-04-12 09:03:22
618,rb2210,SHFE,0_0_     1355376,     1804206,空,平今,4950.0,1,2022-04-12 09:03:22
619,rb2210,SHFE,0_0_     1355377,     1804241,多,平今,4949.0,1,2022-04-12 09:03:22
620,rb2210,SHFE,0_0_     1355387,     1804244,空,平今,4950.0,1,2022-04-12 09:03:22
621,rb2210,SHFE,0_0_     1355388,     1804574,多,平今,4949.0,1,2022-04-12 09:03:22
622,rb2210,SHFE,0_0_     1355469,     1804575,空,平今,4950.0,1,2022-04-12 09:03:22
623,rb2210,SHFE,0_0_     1355568,     1805162,多,开,4950.000000000001,4,2022-04-12 09:03:24
624,rb2210,SHFE,0_0_     1355470,     1805437,多,平今,4949.0,1,2022-04-12 09:03:25
625,rb2210,SHFE,0_0_     1355751,     1805537,空,平今,4950.0,1,2022-04-12 09:03:26
626,rb2210,SHFE,0_0_     1355790,     1805884,多,开,4949.0,1,2022-04-12 09:03:27
627,rb2210,SHFE,0_0_     1356060,     1806545,空,平今,4950.0,1,2022-04-12 09:03:29
628,rb2210,SHFE,0_0_     1356060,     1806547,空,平今,4950.0,1,2022-04-12 09:03:29
629,rb2210,SHFE,0_0_     1356060,     1806550,空,平今,4950.0,1,2022-04-12 09:03:29
630,rb2210,SHFE,0_0_     1356060,     1806560,空,平今,4950.0,1,2022-04-12 09:03:29
631,rb2210,SHFE,0_0_     1356166,     1806733,多,开,4949.0,4,2022-04-12 09:03:30
632,rb2210,SHFE,0_0_     1356222,     1806884,空,平今,4950.0,4,2022-04-12 09:03:30
633,rb2210,SHFE,0_0_     1356256,     1806992,多,开,4949.0,4,2022-04-12 09:03:31
634,rb2210,SHFE,0_0_     1356375,     1807290,空,平今,4950.0,2,2022-04-12 09:03:32
635,rb2210,SHFE,0_0_     1356388,     1807747,多,开,4949.0,1,2022-04-12 09:03:33
636,rb2210,SHFE,0_0_     1356388,     1807749,多,开,4949.0,1,2022-04-12 09:03:33
637,rb2210,SHFE,0_0_     1356530,     1807875,空,平今,4950.0,3,2022-04-12 09:03:34
638,rb2210,SHFE,0_0_     1356557,     1808050,多,开,4949.0,1,2022-04-12 09:03:34
639,rb2210,SHFE,0_0_     1356557,     1808076,多,开,4949.0,2,2022-04-12 09:03:34
640,rb2210,SHFE,0_0_     1356670,     1808376,空,平今,4950.0,3,2022-04-12 09:03:35
641,rb2210,SHFE,0_0_     1356750,     1808645,多,开,4949.0,3,2022-04-12 09:03:36
642,rb2210,SHFE,0_0_     1357000,     1810698,空,平今,4950.0,1,2022-04-12 09:03:45
643,rb2210,SHFE,0_0_     1358302,     1813179,多,开,4949.0,1,2022-04-12 09:03:53
644,rb2210,SHFE,0_0_     1358499,     1813491,空,平今,4949.0,2,2022-04-12 09:03:55
645,rb2210,SHFE,0_0_     1358947,     1814743,空,平今,4949.0,2,2022-04-12 09:03:59
646,rb2210,SHFE,0_0_     1358976,     1814863,多,开,4949.0,3,2022-04-12 09:03:59
647,rb2210,SHFE,0_0_     1356831,     1823006,空,开,4951.0,3,2022-04-12 09:04:27
648,rb2210,SHFE,0_0_     1362197,     1825139,多,平今,4949.0,1,2022-04-12 09:04:33
649,rb2210,SHFE,0_0_     1362571,     1825721,空,平今,4949.0,1,2022-04-12 09:04:36
650,rb2210,SHFE,0_0_     1362571,     1825722,空,平今,4949.0,1,2022-04-12 09:04:36
651,rb2210,SHFE,0_0_     1362571,     1825723,空,平今,4949.0,1,2022-04-12 09:04:36
652,rb2210,SHFE,0_0_     1362591,     1825943,多,开,4948.0,3,2022-04-12 09:04:36
653,rb2210,SHFE,0_0_     1362767,     1826374,空,平今,4948.0,1,2022-04-12 09:04:38
654,rb2210,SHFE,0_0_     1363414,     1827830,多,开,4948.0,3,2022-04-12 09:04:45
655,rb2210,SHFE,0_0_     1363555,     1827891,空,平今,4948.000000000001,1,2022-04-12 09:04:45
656,rb2210,SHFE,0_0_     1363777,     1828370,空,平今,4948.0,1,2022-04-12 09:04:48
657,rb2210,SHFE,0_0_     1363777,     1828386,空,平今,4948.0,1,2022-04-12 09:04:48
658,rb2210,SHFE,0_0_     1363946,     1831128,空,开,4948.0,4,2022-04-12 09:05:00
659,rb2210,SHFE,0_0_     1365317,     1831622,多,平今,4947.0,1,2022-04-12 09:05:01
660,rb2210,SHFE,0_0_     1365317,     1831626,多,平今,4947.0,1,2022-04-12 09:05:01
661,rb2210,SHFE,0_0_     1365317,     1831627,多,平今,4947.0,1,2022-04-12 09:05:01
662,rb2210,SHFE,0_0_     1365317,     1831629,多,平今,4947.0,1,2022-04-12 09:05:01
663,rb2210,SHFE,0_0_     1365531,     1831984,空,开,4948.0,5,2022-04-12 09:05:01
664,rb2210,SHFE,0_0_     1365609,     1832428,多,开,4948.0,1,2022-04-12 09:05:01
665,rb2210,SHFE,0_0_     1365609,     1832466,多,开,4948.0,1,2022-04-12 09:05:01
666,rb2210,SHFE,0_0_     1365609,     1832468,多,开,4948.0,2,2022-04-12 09:05:01
667,rb2210,SHFE,0_0_     1365609,     1832482,多,开,4948.0,1,2022-04-12 09:05:01
668,rb2210,SHFE,0_0_     1365608,     1833116,多,平今,4947.0,5,2022-04-12 09:05:02
669,rb2210,SHFE,0_0_     1366109,     1833187,空,平今,4948.0,1,2022-04-12 09:05:02
670,rb2210,SHFE,0_0_     1366109,     1833288,空,平今,4948.0,1,2022-04-12 09:05:03
671,rb2210,SHFE,0_0_     1366109,     1833400,空,平今,4948.0,1,2022-04-12 09:05:03
672,rb2210,SHFE,0_0_     1366109,     1833404,空,平今,4948.0,2,2022-04-12 09:05:03
673,rb2210,SHFE,0_0_     1366270,     1833667,多,开,4947.0,1,2022-04-12 09:05:04
674,rb2210,SHFE,0_0_     1366270,     1833668,多,开,4947.0,1,2022-04-12 09:05:04
675,rb2210,SHFE,0_0_     1366270,     1833669,多,开,4947.0,1,2022-04-12 09:05:04
676,rb2210,SHFE,0_0_     1366270,     1833670,多,开,4947.0,1,2022-04-12 09:05:04
677,rb2210,SHFE,0_0_     1370363,     1841184,空,平今,4952.0,1,2022-04-12 09:05:30
678,rb2210,SHFE,0_0_     1370363,     1841250,空,平今,4952.0,1,2022-04-12 09:05:30
679,rb2210,SHFE,0_0_     1370363,     1841267,空,平今,4952.0,2,2022-04-12 09:05:30
680,rb2210,SHFE,0_0_     1372617,     1845693,空,平今,4954.0,1,2022-04-12 09:05:51
681,rb2210,SHFE,0_0_     1373945,     1847285,多,平今,4954.0,2,2022-04-12 09:05:59
682,rb2210,SHFE,0_0_     1374098,     1848784,多,开,4954.0,4,2022-04-12 09:06:02
683,rb2210,SHFE,0_0_     1374387,     1848794,空,平今,4955.0,1,2022-04-12 09:06:02
684,rb2210,SHFE,0_0_     1374387,     1848795,空,平今,4955.0,2,2022-04-12 09:06:02
685,rb2210,SHFE,0_0_     1374387,     1848803,空,平今,4955.0,1,2022-04-12 09:06:02
686,rb2210,SHFE,0_0_     1374397,     1849071,多,开,4954.0,5,2022-04-12 09:06:03
687,rb2210,SHFE,0_0_     1374573,     1849626,空,平今,4954.0,4,2022-04-12 09:06:04
688,rb2210,SHFE,0_0_     1375815,     1851681,多,开,4953.0,2,2022-04-12 09:06:15
689,rb2210,SHFE,0_0_     1376715,     1852896,多,开,4955.0,3,2022-04-12 09:06:21
690,rb2210,SHFE,0_0_     1376836,     1853691,空,平今,4956.0,4,2022-04-12 09:06:25
691,rb2210,SHFE,0_0_     1377411,     1854370,多,开,4955.0,4,2022-04-12 09:06:28
692,rb2210,SHFE,0_0_     1378945,     1857467,空,平今,4955.0,2,2022-04-12 09:06:41
693,rb2210,SHFE,0_0_     1379441,     1857789,空,平今,4955.0,3,2022-04-12 09:06:43
694,rb2210,SHFE,0_0_     1379993,     1858593,多,开,4955.0,1,2022-04-12 09:06:49
695,rb2210,SHFE,0_0_     1379993,     1858594,多,开,4955.0,1,2022-04-12 09:06:49
696,rb2210,SHFE,0_0_     1379993,     1858598,多,开,4955.0,1,2022-04-12 09:06:49
697,rb2210,SHFE,0_0_     1380399,     1858953,多,开,4955.0,2,2022-04-12 09:06:52
698,rb2210,SHFE,0_0_     1380656,     1859355,空,平今,4956.0,3,2022-04-12 09:06:54
699,rb2210,SHFE,0_0_     1381945,     1861638,多,开,4955.0,2,2022-04-12 09:07:06
700,rb2210,SHFE,0_0_     1382486,     1862133,空,平今,4956.0,1,2022-04-12 09:07:10
701,rb2210,SHFE,0_0_     1383509,     1863128,多,开,4956.0,1,2022-04-12 09:07:15
702,rb2210,SHFE,0_0_     1384491,     1864460,空,平今,4957.0,3,2022-04-12 09:07:21
703,rb2210,SHFE,0_0_     1384589,     1864881,空,平今,4957.0,2,2022-04-12 09:07:23
704,rb2210,SHFE,0_0_     1384589,     1864884,空,平今,4957.0,1,2022-04-12 09:07:23
705,rb2210,SHFE,0_0_     1384589,     1864885,空,平今,4957.0,1,2022-04-12 09:07:23
706,rb2210,SHFE,0_0_     1385089,     1865293,空,开,4956.000000000001,1,2022-04-12 09:07:25
707,rb2210,SHFE,0_0_     1386193,     1866767,多,开,4958.0,1,2022-04-12 09:07:31
708,rb2210,SHFE,0_0_     1386193,     1866768,多,开,4958.0,2,2022-04-12 09:07:31
709,rb2210,SHFE,0_0_     1386193,     1866769,多,开,4958.0,1,2022-04-12 09:07:31
710,rb2210,SHFE,0_0_     1388881,     1872023,空,平今,4963.0,2,2022-04-12 09:07:48
711,rb2210,SHFE,0_0_     1388931,     1872368,多,开,4962.000000000001,2,2022-04-12 09:07:50
712,rb2210,SHFE,0_0_     1389076,     1872489,空,平今,4963.0,2,2022-04-12 09:07:50
713,rb2210,SHFE,0_0_     1389141,     1872612,多,开,4962.0,2,2022-04-12 09:07:51
714,rb2210,SHFE,0_0_     1385188,     1882211,多,开,4955.0,3,2022-04-12 09:08:39
715,rb2210,SHFE,0_0_     1385188,     1882222,多,开,4955.0,1,2022-04-12 09:08:39
716,rb2210,SHFE,0_0_     1396234,     1883851,空,平今,4958.0,1,2022-04-12 09:08:50
717,rb2210,SHFE,0_0_     1396559,     1884080,空,平今,4958.0,1,2022-04-12 09:08:52
718,rb2210,SHFE,0_0_     1396956,     1886541,多,开,4957.0,2,2022-04-12 09:09:05
719,rb2210,SHFE,0_0_     1401085,     1888143,多,平今,4957.0,1,2022-04-12 09:09:19
720,rb2210,SHFE,0_0_     1401908,     1888900,空,平今,4957.000000000001,2,2022-04-12 09:09:24
721,rb2210,SHFE,0_0_     1404227,     1891090,空,平今,4957.0,1,2022-04-12 09:09:40
722,rb2210,SHFE,0_0_     1404517,     1891311,空,平今,4957.0,2,2022-04-12 09:09:42
723,rb2210,SHFE,0_0_     1404669,     1891496,多,开,4957.0,1,2022-04-12 09:09:44
724,rb2210,SHFE,0_0_     1408112,     1897970,空,平今,4961.0,1,2022-04-12 09:10:15
725,rb2210,SHFE,0_0_     1409349,     1898894,空,开,4961.0,2,2022-04-12 09:10:19
726,rb2210,SHFE,0_0_     1391242,     1899221,空,平今,4962.0,2,2022-04-12 09:10:20
727,rb2210,SHFE,0_0_     1391242,     1899222,空,平今,4962.0,1,2022-04-12 09:10:20
728,rb2210,SHFE,0_0_     1410034,     1899366,多,开,4961.0,2,2022-04-12 09:10:21
729,rb2210,SHFE,0_0_     1410188,     1899750,多,开,4961.0,2,2022-04-12 09:10:22
730,rb2210,SHFE,0_0_     1410307,     1900125,空,平今,4962.0,4,2022-04-12 09:10:25
731,rb2210,SHFE,0_0_     1410644,     1900192,多,开,4961.0,4,2022-04-12 09:10:25
732,rb2210,SHFE,0_0_     1410677,     1900304,空,平今,4962.0,1,2022-04-12 09:10:26
733,rb2210,SHFE,0_0_     1410677,     1900305,空,平今,4962.0,3,2022-04-12 09:10:26
734,rb2210,SHFE,0_0_     1389222,     1900530,空,开,4963.0,3,2022-04-12 09:10:27
735,rb2210,SHFE,0_0_     1389222,     1900545,空,开,4963.0,1,2022-04-12 09:10:27
736,rb2210,SHFE,0_0_     1389222,     1900603,空,开,4963.0,1,2022-04-12 09:10:27
737,rb2210,SHFE,0_0_     1389222,     1900616,空,开,4963.0,1,2022-04-12 09:10:27
738,rb2210,SHFE,0_0_     1409706,     1902597,多,平今,4960.0,2,2022-04-12 09:10:38
739,rb2210,SHFE,0_0_     1413042,     1904126,空,开,4960.0,1,2022-04-12 09:10:47
740,rb2210,SHFE,0_0_     1414653,     1906012,空,开,4960.0,1,2022-04-12 09:10:56
741,rb2210,SHFE,0_0_     1415001,     1906550,多,平今,4959.0,1,2022-04-12 09:10:58
742,rb2210,SHFE,0_0_     1415079,     1906677,多,平今,4959.0,4,2022-04-12 09:10:58
743,rb2210,SHFE,0_0_     1415291,     1907133,空,开,4960.0,4,2022-04-12 09:11:00
744,rb2210,SHFE,0_0_     1415508,     1907237,空,开,4960.0,1,2022-04-12 09:11:00
745,rb2210,SHFE,0_0_     1415615,     1907745,多,平今,4959.0,2,2022-04-12 09:11:02
746,rb2210,SHFE,0_0_     1405804,     1909090,多,开,4957.0,4,2022-04-12 09:11:07
747,rb2210,SHFE,0_0_     1416915,     1910878,多,平今,4957.0,5,2022-04-12 09:11:16
748,rb2210,SHFE,0_0_     1417691,     1911364,空,开,4958.000000000001,5,2022-04-12 09:11:17
749,rb2210,SHFE,0_0_     1418060,     1912129,多,平今,4957.0,1,2022-04-12 09:11:21
750,rb2210,SHFE,0_0_     1418060,     1912130,多,平今,4957.0,4,2022-04-12 09:11:21
751,rb2210,SHFE,0_0_     1418592,     1913466,空,开,4958.0,1,2022-04-12 09:11:26
752,rb2210,SHFE,0_0_     1418592,     1913467,空,开,4958.0,4,2022-04-12 09:11:26
753,rb2210,SHFE,0_0_     1419514,     1914310,多,平今,4957.0,1,2022-04-12 09:11:29
754,rb2210,SHFE,0_0_     1419514,     1914312,多,平今,4957.0,4,2022-04-12 09:11:29
755,rb2210,SHFE,0_0_     1422639,     1919058,空,开,4957.0,1,2022-04-12 09:11:54
756,rb2210,SHFE,0_0_     1422639,     1919149,空,开,4957.0,1,2022-04-12 09:11:54
757,rb2210,SHFE,0_0_     1422639,     1919150,空,开,4957.0,1,2022-04-12 09:11:54
758,rb2210,SHFE,0_0_     1422639,     1919301,空,开,4957.0,1,2022-04-12 09:11:55
759,rb2210,SHFE,0_0_     1429968,     1929405,空,平今,4956.0,1,2022-04-12 09:12:39
760,rb2210,SHFE,0_0_     1430381,     1929824,多,平今,4956.0,2,2022-04-12 09:12:41
761,rb2210,SHFE,0_0_     1431600,     1931323,多,平今,4955.0,2,2022-04-12 09:12:47
762,rb2210,SHFE,0_0_     1436270,     1937817,空,平今,4954.0,1,2022-04-12 09:13:12
763,rb2210,SHFE,0_0_     1436717,     1938355,空,开,4954.0,4,2022-04-12 09:13:14
764,rb2210,SHFE,0_0_     1436994,     1938973,多,平今,4954.0,1,2022-04-12 09:13:17
765,rb2210,SHFE,0_0_     1439284,     1942873,空,开,4955.0,2,2022-04-12 09:13:33
766,rb2210,SHFE,0_0_     1440891,     1944547,空,平今,4954.0,1,2022-04-12 09:13:38
767,rb2210,SHFE,0_0_     1420070,     1963542,空,平今,4959.0,1,2022-04-12 09:15:13
768,rb2210,SHFE,0_0_     1462923,     1972836,多,开,4956.0,3,2022-04-12 09:16:05
769,rb2210,SHFE,0_0_     1458713,     1973505,多,开,4955.0,3,2022-04-12 09:16:09
770,rb2210,SHFE,0_0_     1452348,     1974537,多,平今,4954.0,4,2022-04-12 09:16:11
771,rb2210,SHFE,0_0_     1441080,     1975305,多,平今,4953.000000000001,2,2022-04-12 09:16:15
772,rb2210,SHFE,0_0_     1463931,     1975771,空,开,4954.0,4,2022-04-12 09:16:17
773,rb2210,SHFE,0_0_     1464734,     1976608,空,开,4953.0,2,2022-04-12 09:16:22
774,rb2210,SHFE,0_0_     1468940,     1983577,空,开,4948.0,1,2022-04-12 09:16:57
775,rb2210,SHFE,0_0_     1470300,     1985223,多,平今,4946.0,2,2022-04-12 09:17:06
776,rb2210,SHFE,0_0_     1471286,     1986399,空,平今,4947.0,1,2022-04-12 09:17:11
777,rb2210,SHFE,0_0_     1471448,     1986924,空,平今,4948.0,2,2022-04-12 09:17:15
778,rb2210,SHFE,0_0_     1478823,     1994981,空,开,4947.0,3,2022-04-12 09:18:07
779,rb2210,SHFE,0_0_     1479341,     1995115,多,平今,4946.0,6,2022-04-12 09:18:08
780,rb2210,SHFE,0_0_     1480211,     1996127,空,开,4947.0,1,2022-04-12 09:18:14
781,rb2210,SHFE,0_0_     1480211,     1996139,空,开,4947.0,1,2022-04-12 09:18:14
782,rb2210,SHFE,0_0_     1487421,     2003115,多,开,4953.0,5,2022-04-12 09:19:16
783,rb2210,SHFE,0_0_     1488840,     2005030,空,平今,4954.0,2,2022-04-12 09:19:28
784,rb2210,SHFE,0_0_     1488903,     2005247,空,平今,4954.0,1,2022-04-12 09:19:30
785,rb2210,SHFE,0_0_     1491561,     2010913,空,平今,4955.0,3,2022-04-12 09:20:10
786,rb2210,SHFE,0_0_     1491561,     2011030,空,平今,4955.0,1,2022-04-12 09:20:10
787,rb2210,SHFE,0_0_     1491561,     2011046,空,平今,4955.0,1,2022-04-12 09:20:10
788,rb2210,SHFE,0_0_     1493779,     2011470,空,开,4955.0,1,2022-04-12 09:20:11
789,rb2210,SHFE,0_0_     1506042,     2023362,空,开,4953.0,1,2022-04-12 09:21:35
790,rb2210,SHFE,0_0_     1506421,     2024495,多,平今,4952.0,4,2022-04-12 09:21:39
791,rb2210,SHFE,0_0_     1506916,     2025935,多,开,4951.0,3,2022-04-12 09:21:44
792,rb2210,SHFE,0_0_     1507152,     2026175,多,开,4951.0,1,2022-04-12 09:21:45
793,rb2210,SHFE,0_0_     1507152,     2026177,多,开,4951.0,2,2022-04-12 09:21:45
794,rb2210,SHFE,0_0_     1507152,     2026182,多,开,4951.0,1,2022-04-12 09:21:45
795,rb2210,SHFE,0_0_     1507187,     2027651,空,平今,4952.0,1,2022-04-12 09:21:55
796,rb2210,SHFE,0_0_     1507187,     2027654,空,平今,4952.0,1,2022-04-12 09:21:55
797,rb2210,SHFE,0_0_     1508392,     2027860,多,开,4951.0,1,2022-04-12 09:21:56
798,rb2210,SHFE,0_0_     1508717,     2028182,多,开,4951.0,1,2022-04-12 09:21:58
799,rb2210,SHFE,0_0_     1511918,     2033628,空,平今,4953.0,1,2022-04-12 09:22:37
800,rb2210,SHFE,0_0_     1513424,     2033712,多,开,4952.0,1,2022-04-12 09:22:38
801,rb2210,SHFE,0_0_     1517486,     2039803,空,平今,4954.0,4,2022-04-12 09:23:29
802,rb2210,SHFE,0_0_     1522569,     2051102,空,平今,4947.0,1,2022-04-12 09:24:17
803,rb2210,SHFE,0_0_     1480250,     2051183,多,平今,4946.0,2,2022-04-12 09:24:17
804,rb2210,SHFE,0_0_     1522611,     2051544,空,开,4947.0,2,2022-04-12 09:24:19
805,rb2210,SHFE,0_0_     1523553,     2053348,多,平今,4946.0,2,2022-04-12 09:24:27
806,rb2210,SHFE,0_0_     1523556,     2053979,空,开,4947.0,2,2022-04-12 09:24:30
807,rb2210,SHFE,0_0_     1522529,     2054700,空,开,4948.0,4,2022-04-12 09:24:33
808,rb2210,SHFE,0_0_     1525250,     2057788,多,平今,4947.0,1,2022-04-12 09:24:50
809,rb2210,SHFE,0_0_     1525250,     2057872,多,平今,4947.0,1,2022-04-12 09:24:50
810,rb2210,SHFE,0_0_     1525250,     2057942,多,平今,4947.0,1,2022-04-12 09:24:51
811,rb2210,SHFE,0_0_     1526545,     2058851,空,开,4948.0,1,2022-04-12 09:24:56
812,rb2210,SHFE,0_0_     1527350,     2066903,多,开,4947.000000000001,4,2022-04-12 09:25:45
813,rb2210,SHFE,0_0_     1524013,     2067436,多,平今,4946.0,2,2022-04-12 09:25:48
814,rb2210,SHFE,0_0_     1534608,     2070269,空,开,4947.0,2,2022-04-12 09:26:05
815,rb2210,SHFE,0_0_     1536810,     2071295,多,平今,4946.0,4,2022-04-12 09:26:10
816,rb2210,SHFE,0_0_     1538031,     2071487,空,平今,4947.0,1,2022-04-12 09:26:12
817,rb2210,SHFE,0_0_     1539063,     2072771,多,开,4945.0,1,2022-04-12 09:26:20
818,rb2210,SHFE,0_0_     1543376,     2078020,空,开,4944.0,4,2022-04-12 09:26:50
819,rb2210,SHFE,0_0_     1543665,     2078544,空,平今,4944.0,2,2022-04-12 09:26:53
820,rb2210,SHFE,0_0_     1539587,     2081598,空,平今,4946.0,2,2022-04-12 09:27:10
821,rb2210,SHFE,0_0_     1547911,     2083519,空,平今,4944.0,1,2022-04-12 09:27:21
822,rb2210,SHFE,0_0_     1548139,     2084713,多,平今,4942.0,3,2022-04-12 09:27:28
823,rb2210,SHFE,0_0_     1548593,     2085725,空,开,4943.0,4,2022-04-12 09:27:32
824,rb2210,SHFE,0_0_     1549272,     2086299,多,开,4942.0,7,2022-04-12 09:27:36
825,rb2210,SHFE,0_0_     1550432,     2087432,空,开,4942.0,2,2022-04-12 09:27:41
826,rb2210,SHFE,0_0_     1549643,     2088850,空,平今,4943.0,8,2022-04-12 09:27:48
827,rb2210,SHFE,0_0_     1551767,     2089323,多,平今,4943.0,4,2022-04-12 09:27:50
828,rb2210,SHFE,0_0_     1552428,     2091970,多,平今,4943.0,1,2022-04-12 09:28:03
829,rb2210,SHFE,0_0_     1551651,     2092018,多,开,4942.0,8,2022-04-12 09:28:03
830,rb2210,SHFE,0_0_     1554235,     2092072,空,平今,4943.0,5,2022-04-12 09:28:04
831,rb2210,SHFE,0_0_     1554235,     2092073,空,平今,4943.0,3,2022-04-12 09:28:04
832,rb2210,SHFE,0_0_     1554338,     2092410,空,开,4944.0,4,2022-04-12 09:28:05
833,rb2210,SHFE,0_0_     1554518,     2092585,多,开,4943.0,8,2022-04-12 09:28:06
834,rb2210,SHFE,0_0_     1554644,     2092893,空,平今,4944.0,1,2022-04-12 09:28:07
835,rb2210,SHFE,0_0_     1554644,     2092906,空,平今,4944.0,1,2022-04-12 09:28:08
836,rb2210,SHFE,0_0_     1554644,     2093004,空,平今,4944.0,1,2022-04-12 09:28:08
837,rb2210,SHFE,0_0_     1554644,     2093011,空,平今,4944.0,1,2022-04-12 09:28:08
838,rb2210,SHFE,0_0_     1554644,     2093052,空,平今,4944.0,3,2022-04-12 09:28:09
839,rb2210,SHFE,0_0_     1554644,     2093055,空,平今,4944.0,1,2022-04-12 09:28:09
840,rb2210,SHFE,0_0_     1555188,     2095063,多,平今,4943.0,1,2022-04-12 09:28:22
841,rb2210,SHFE,0_0_     1555188,     2095103,多,平今,4943.0,3,2022-04-12 09:28:22
842,rb2210,SHFE,0_0_     1556761,     2095817,空,开,4944.0,4,2022-04-12 09:28:26
843,rb2210,SHFE,0_0_     1557514,     2098082,多,平今,4944.0,2,2022-04-12 09:28:40
844,rb2210,SHFE,0_0_     1557187,     2099440,多,平今,4943.0,4,2022-04-12 09:28:53
845,rb2210,SHFE,0_0_     1559903,     2100362,空,开,4944.0,1,2022-04-12 09:28:59
846,rb2210,SHFE,0_0_     1560092,     2101005,空,开,4944.0,1,2022-04-12 09:29:02
847,rb2210,SHFE,0_0_     1560527,     2101144,多,开,4943.0,4,2022-04-12 09:29:03
848,rb2210,SHFE,0_0_     1564411,     2106567,空,平今,4942.0,1,2022-04-12 09:29:34
849,rb2210,SHFE,0_0_     1565035,     2107564,多,平今,4942.0,1,2022-04-12 09:29:38
850,rb2210,SHFE,0_0_     1566662,     2108926,空,平今,4943.0,3,2022-04-12 09:29:47
851,rb2210,SHFE,0_0_     1577043,     2121403,多,开,4947.0,4,2022-04-12 09:31:03
852,rb2210,SHFE,0_0_     1584845,     2129246,空,开,4945.0,1,2022-04-12 09:32:22
853,rb2210,SHFE,0_0_     1566672,     2132925,多,开,4942.0,3,2022-04-12 09:32:49
854,rb2210,SHFE,0_0_     1588194,     2133338,空,平今,4943.0,1,2022-04-12 09:32:52
855,rb2210,SHFE,0_0_     1588194,     2133345,空,平今,4943.0,1,2022-04-12 09:32:52
856,rb2210,SHFE,0_0_     1588194,     2133446,空,平今,4943.0,1,2022-04-12 09:32:53
857,rb2210,SHFE,0_0_     1587749,     2136065,空,开,4944.0,1,2022-04-12 09:33:06
858,rb2210,SHFE,0_0_     1590438,     2138338,多,开,4943.0,4,2022-04-12 09:33:21
859,rb2210,SHFE,0_0_     1594502,     2144968,空,平今,4943.0,4,2022-04-12 09:34:09
860,rb2210,SHFE,0_0_     1591696,     2145615,空,开,4944.0,5,2022-04-12 09:34:14
861,rb2210,SHFE,0_0_     1596568,     2147171,多,平今,4943.0,4,2022-04-12 09:34:26
862,rb2210,SHFE,0_0_     1596568,     2147173,多,平今,4943.0,3,2022-04-12 09:34:26
863,rb2210,SHFE,0_0_     1603745,     2154570,多,开,4942.0,2,2022-04-12 09:35:17
864,rb2210,SHFE,0_0_     1605971,     2158223,空,平今,4943.0,1,2022-04-12 09:35:43
865,rb2210,SHFE,0_0_     1597602,     2160014,空,开,4944.0,7,2022-04-12 09:35:58
866,rb2210,SHFE,0_0_     1607882,     2161415,多,平今,4943.0,7,2022-04-12 09:36:07
867,rb2210,SHFE,0_0_     1613359,     2166308,空,开,4942.0,3,2022-04-12 09:36:48
868,rb2210,SHFE,0_0_     1613634,     2167840,空,开,4942.0,2,2022-04-12 09:37:01
869,rb2210,SHFE,0_0_     1620620,     2176041,空,开,4943.0,2,2022-04-12 09:38:05
870,rb2210,SHFE,0_0_     1623199,     2176317,多,平今,4942.0,4,2022-04-12 09:38:09
871,rb2210,SHFE,0_0_     1623493,     2176814,空,开,4943.0,4,2022-04-12 09:38:14
872,rb2210,SHFE,0_0_     1618321,     2177727,空,平今,4944.0,1,2022-04-12 09:38:18
873,rb2210,SHFE,0_0_     1625005,     2179213,多,平今,4943.0,1,2022-04-12 09:38:33
874,rb2210,SHFE,0_0_     1631132,     2183322,多,平今,4939.0,1,2022-04-12 09:39:00
875,rb2210,SHFE,0_0_     1631343,     2185076,多,平今,4939.0,1,2022-04-12 09:39:17
876,rb2210,SHFE,0_0_     1631343,     2185156,多,平今,4939.0,2,2022-04-12 09:39:18
877,rb2210,SHFE,0_0_     1631343,     2185169,多,平今,4939.0,1,2022-04-12 09:39:18
878,rb2210,SHFE,0_0_     1633477,     2185441,多,平今,4939.0,1,2022-04-12 09:39:22
879,rb2210,SHFE,0_0_     1633595,     2185449,多,开,4939.0,2,2022-04-12 09:39:22
880,rb2210,SHFE,0_0_     1633736,     2185629,空,平今,4940.0,1,2022-04-12 09:39:24
881,rb2210,SHFE,0_0_     1635297,     2187523,空,开,4938.0,3,2022-04-12 09:39:39
882,rb2210,SHFE,0_0_     1637034,     2189720,空,平今,4938.0,3,2022-04-12 09:39:55
883,rb2210,SHFE,0_0_     1637034,     2189724,空,平今,4938.0,1,2022-04-12 09:39:55
884,rb2210,SHFE,0_0_     1637607,     2189788,多,平今,4938.0,1,2022-04-12 09:39:56
885,rb2210,SHFE,0_0_     1634817,     2190636,空,平今,4939.0,1,2022-04-12 09:40:00
886,rb2210,SHFE,0_0_     1638421,     2190938,多,平今,4939.0,1,2022-04-12 09:40:02
887,rb2210,SHFE,0_0_     1634221,     2190968,空,开,4940.0,1,2022-04-12 09:40:02
888,rb2210,SHFE,0_0_     1634221,     2191000,空,开,4940.0,1,2022-04-12 09:40:03
889,rb2210,SHFE,0_0_     1634221,     2191007,空,开,4940.0,1,2022-04-12 09:40:03
890,rb2210,SHFE,0_0_     1638553,     2192621,多,平今,4939.0,2,2022-04-12 09:40:13
891,rb2210,SHFE,0_0_     1638559,     2192622,多,开,4939.0,3,2022-04-12 09:40:13
892,rb2210,SHFE,0_0_     1637646,     2194625,多,平今,4937.0,2,2022-04-12 09:40:32
893,rb2210,SHFE,0_0_     1643070,     2195597,空,开,4937.0,4,2022-04-12 09:40:41
894,rb2210,SHFE,0_0_     1643681,     2196707,空,平今,4937.0,1,2022-04-12 09:40:52
895,rb2210,SHFE,0_0_     1645128,     2198493,多,平今,4935.0,2,2022-04-12 09:40:58
896,rb2210,SHFE,0_0_     1642335,     2201544,空,开,4938.0,2,2022-04-12 09:41:23
897,rb2210,SHFE,0_0_     1648426,     2202098,多,平今,4937.0,1,2022-04-12 09:41:27
898,rb2210,SHFE,0_0_     1648426,     2202099,多,平今,4937.0,1,2022-04-12 09:41:27
899,rb2210,SHFE,0_0_     1648426,     2202164,多,平今,4937.0,1,2022-04-12 09:41:27
900,rb2210,SHFE,0_0_     1648426,     2202169,多,平今,4937.0,1,2022-04-12 09:41:27
901,rb2210,SHFE,0_0_     1649168,     2203292,多,开,4937.0,2,2022-04-12 09:41:37
902,rb2210,SHFE,0_0_     1649168,     2203309,多,开,4937.0,2,2022-04-12 09:41:38
903,rb2210,SHFE,0_0_     1650987,     2204888,空,开,4937.0,1,2022-04-12 09:41:50
904,rb2210,SHFE,0_0_     1650987,     2204892,空,开,4937.0,1,2022-04-12 09:41:50
905,rb2210,SHFE,0_0_     1650987,     2204895,空,开,4937.0,1,2022-04-12 09:41:50
906,rb2210,SHFE,0_0_     1657073,     2211284,空,平今,4935.0,1,2022-04-12 09:42:42
907,rb2210,SHFE,0_0_     1661131,     2215143,空,平今,4936.0,1,2022-04-12 09:43:17
908,rb2210,SHFE,0_0_     1661131,     2215204,空,平今,4936.0,1,2022-04-12 09:43:18
909,rb2210,SHFE,0_0_     1660731,     2216801,空,平今,4937.0,1,2022-04-12 09:43:38
910,rb2210,SHFE,0_0_     1640879,     2221720,空,平今,4939.0,1,2022-04-12 09:44:35
911,rb2210,SHFE,0_0_     1640879,     2221722,空,平今,4939.0,1,2022-04-12 09:44:35
912,rb2210,SHFE,0_0_     1670640,     2222464,多,平今,4939.0,4,2022-04-12 09:44:43
913,rb2210,SHFE,0_0_     1671361,     2226385,空,开,4939.0,1,2022-04-12 09:45:19
914,rb2210,SHFE,0_0_     1627873,     2238619,空,开,4943.0,1,2022-04-12 09:46:48
915,rb2210,SHFE,0_0_     1685707,     2238838,多,平今,4942.0,1,2022-04-12 09:46:51
916,rb2210,SHFE,0_0_     1692523,     2246546,多,平今,4944.0,1,2022-04-12 09:47:40
917,rb2210,SHFE,0_0_     1692682,     2246800,空,开,4945.0,1,2022-04-12 09:47:43
918,rb2210,SHFE,0_0_     1694693,     2249539,空,开,4946.0,2,2022-04-12 09:48:05
919,rb2210,SHFE,0_0_     1695086,     2249845,多,平今,4945.0,2,2022-04-12 09:48:07
920,rb2210,SHFE,0_0_     1695462,     2254896,空,开,4946.0,3,2022-04-12 09:49:04
921,rb2210,SHFE,0_0_     1701279,     2255009,多,平今,4945.0,3,2022-04-12 09:49:05
922,rb2210,SHFE,0_0_     1701828,     2255539,多,开,4946.0,2,2022-04-12 09:49:12
923,rb2210,SHFE,0_0_     1702002,     2255628,空,平今,4947.0,2,2022-04-12 09:49:13
924,rb2210,SHFE,0_0_     1702085,     2255710,空,开,4947.0,4,2022-04-12 09:49:13
925,rb2210,SHFE,0_0_     1709179,     2264987,多,开,4951.0,4,2022-04-12 09:50:16
926,rb2210,SHFE,0_0_     1709300,     2266639,空,平今,4952.0,1,2022-04-12 09:50:28
927,rb2210,SHFE,0_0_     1709300,     2266658,空,平今,4952.0,3,2022-04-12 09:50:28
928,rb2210,SHFE,0_0_     1702114,     2286076,多,平今,4946.0,1,2022-04-12 09:52:48
929,rb2210,SHFE,0_0_     1702114,     2286077,多,平今,4946.0,2,2022-04-12 09:52:48
930,rb2210,SHFE,0_0_     1702114,     2286167,多,平今,4946.0,1,2022-04-12 09:52:49
931,rb2210,SHFE,0_0_     1737160,     2294130,空,开,4945.0,1,2022-04-12 09:53:56
932,rb2210,SHFE,0_0_     1743267,     2301339,多,开,4940.0,1,2022-04-12 09:54:36
933,rb2210,SHFE,0_0_     1743267,     2301351,多,开,4940.0,1,2022-04-12 09:54:37
934,rb2210,SHFE,0_0_     1743267,     2301352,多,开,4940.0,1,2022-04-12 09:54:37
935,rb2210,SHFE,0_0_     1743776,     2302185,多,平今,4939.0,2,2022-04-12 09:54:43
936,rb2210,SHFE,0_0_     1744150,     2302854,空,平今,4940.0,2,2022-04-12 09:54:47
937,rb2210,SHFE,0_0_     1744722,     2317354,多,开,4939.0,1,2022-04-12 09:56:23
938,rb2210,SHFE,0_0_     1744722,     2317361,多,开,4939.0,1,2022-04-12 09:56:23
939,rb2210,SHFE,0_0_     1756719,     2318467,空,开,4938.0,2,2022-04-12 09:56:34
940,rb2210,SHFE,0_0_     1755824,     2318942,空,平今,4940.0,2,2022-04-12 09:56:39
941,rb2210,SHFE,0_0_     1757463,     2319392,多,平今,4939.0,1,2022-04-12 09:56:42
942,rb2210,SHFE,0_0_     1757463,     2319395,多,平今,4939.0,1,2022-04-12 09:56:42
943,rb2210,SHFE,0_0_     1756919,     2324557,多,开,4937.0,5,2022-04-12 09:57:28
944,rb2210,SHFE,0_0_     1762369,     2326929,空,平今,4938.0,1,2022-04-12 09:57:50
945,rb2210,SHFE,0_0_     1764410,     2327267,多,开,4937.0,1,2022-04-12 09:57:53
946,rb2210,SHFE,0_0_     1765339,     2329840,多,开,4937.0,1,2022-04-12 09:58:16
947,rb2210,SHFE,0_0_     1765339,     2330210,多,开,4937.0,1,2022-04-12 09:58:19
948,rb2210,SHFE,0_0_     1774333,     2340414,空,平今,4941.0,1,2022-04-12 09:59:53
949,rb2210,SHFE,0_0_     1774333,     2340415,空,平今,4941.0,1,2022-04-12 09:59:53
950,rb2210,SHFE,0_0_     1774333,     2340416,空,平今,4941.0,1,2022-04-12 09:59:53
951,rb2210,SHFE,0_0_     1776859,     2340670,多,开,4940.0,2,2022-04-12 09:59:53
952,rb2210,SHFE,0_0_     1776859,     2340671,多,开,4940.0,1,2022-04-12 09:59:53
953,rb2210,SHFE,0_0_     1786774,     2351449,空,平今,4936.0,2,2022-04-12 10:01:12
954,rb2210,SHFE,0_0_     1789001,     2353974,空,平今,4936.0,4,2022-04-12 10:01:30
955,rb2210,SHFE,0_0_     1810650,     2376812,空,平今,4940.0,1,2022-04-12 10:04:35
956,rb2210,SHFE,0_0_     1810783,     2376975,多,开,4939.0,1,2022-04-12 10:04:38
957,rb2210,SHFE,0_0_     1817446,     2385944,多,开,4942.0,1,2022-04-12 10:05:50
958,rb2210,SHFE,0_0_     1822583,     2390877,空,平今,4943.0,1,2022-04-12 10:06:37
959,rb2210,SHFE,0_0_     1822764,     2392005,空,平今,4944.0,1,2022-04-12 10:06:53
960,rb2210,SHFE,0_0_     1830722,     2400188,多,开,4944.0,7,2022-04-12 10:08:05
961,rb2210,SHFE,0_0_     1836332,     2406345,空,开,4938.0,1,2022-04-12 10:09:06
962,rb2210,SHFE,0_0_     1836332,     2406347,空,开,4938.0,1,2022-04-12 10:09:06
963,rb2210,SHFE,0_0_     1836332,     2406412,空,开,4938.0,1,2022-04-12 10:09:07
964,rb2210,SHFE,0_0_     1836332,     2406499,空,开,4938.0,1,2022-04-12 10:09:07
965,rb2210,SHFE,0_0_     1836332,     2406538,空,开,4938.0,1,2022-04-12 10:09:08
966,rb2210,SHFE,0_0_     1836332,     2406742,空,开,4938.0,1,2022-04-12 10:09:09
967,rb2210,SHFE,0_0_     1836332,     2406793,空,开,4938.0,1,2022-04-12 10:09:09
968,rb2210,SHFE,0_0_     1836332,     2406794,空,开,4938.0,1,2022-04-12 10:09:09
969,rb2210,SHFE,0_0_     1863636,     2435175,空,平今,4946.0,1,2022-04-12 10:12:54
970,rb2210,SHFE,0_0_     1863796,     2435222,多,平今,4945.0,1,2022-04-12 10:12:54
971,rb2210,SHFE,0_0_     1866771,     2438358,多,平今,4948.0,4,2022-04-12 10:13:09
972,rb2210,SHFE,0_0_     1873024,     2444917,空,平今,4949.000000000001,1,2022-04-12 10:14:00
973,rb2210,SHFE,0_0_     1876502,     2461048,多,平今,4952.0,2,2022-04-12 10:30:17
974,rb2210,SHFE,0_0_     1876676,     2461067,空,平今,4953.0,1,2022-04-12 10:30:17
975,rb2210,SHFE,0_0_     1876676,     2461171,空,平今,4953.0,1,2022-04-12 10:30:17
976,rb2210,SHFE,0_0_     1876684,     2461227,多,开,4952.0,1,2022-04-12 10:30:17
977,rb2210,SHFE,0_0_     1876684,     2461228,多,开,4952.0,1,2022-04-12 10:30:17
978,rb2210,SHFE,0_0_     1876699,     2461496,空,平今,4953.000000000001,4,2022-04-12 10:30:18
979,rb2210,SHFE,0_0_     1876711,     2462827,多,开,4952.0,4,2022-04-12 10:30:24
980,rb2210,SHFE,0_0_     1876828,     2465525,空,平今,4953.0,1,2022-04-12 10:30:38
981,rb2210,SHFE,0_0_     1876828,     2465534,空,平今,4953.0,1,2022-04-12 10:30:38
982,rb2210,SHFE,0_0_     1876828,     2465559,空,平今,4953.0,1,2022-04-12 10:30:38
983,rb2210,SHFE,0_0_     1876828,     2465607,空,平今,4953.0,1,2022-04-12 10:30:39
984,rb2210,SHFE,0_0_     1877439,     2468396,多,开,4954.0,1,2022-04-12 10:30:51
985,rb2210,SHFE,0_0_     1877647,     2470548,空,平今,4957.0,2,2022-04-12 10:30:56
986,rb2210,SHFE,0_0_     1877753,     2471642,空,开,4957.0,4,2022-04-12 10:31:00
987,rb2210,SHFE,0_0_     1878252,     2477444,空,开,4955.0,2,2022-04-12 10:31:20
988,rb2210,SHFE,0_0_     1877229,     2479116,多,平今,4952.0,1,2022-04-12 10:31:29
989,rb2210,SHFE,0_0_     1878710,     2481215,空,平今,4953.0,1,2022-04-12 10:31:38
990,rb2210,SHFE,0_0_     1878723,     2481221,空,开,4953.0,2,2022-04-12 10:31:38
991,rb2210,SHFE,0_0_     1879615,     2488660,多,平今,4951.000000000001,2,2022-04-12 10:32:19
992,rb2210,SHFE,0_0_     1883871,     2495746,空,开,4954.0,1,2022-04-12 10:32:56
993,rb2210,SHFE,0_0_     1884820,     2498243,多,开,4957.0,1,2022-04-12 10:33:05
994,rb2210,SHFE,0_0_     1884820,     2498339,多,开,4957.0,1,2022-04-12 10:33:05
995,rb2210,SHFE,0_0_     1884820,     2498341,多,开,4957.0,1,2022-04-12 10:33:05
996,rb2210,SHFE,0_0_     1884820,     2498406,多,开,4957.0,5,2022-04-12 10:33:05
997,rb2210,SHFE,0_0_     1885939,     2502711,空,平今,4959.0,1,2022-04-12 10:33:28
998,rb2210,SHFE,0_0_     1890300,     2508207,多,平今,4961.0,1,2022-04-12 10:33:59
999,rb2210,SHFE,0_0_     1890494,     2508590,空,平今,4961.0,3,2022-04-12 10:34:00
1000,rb2210,SHFE,0_0_     1894047,     2516288,空,平今,4961.0,2,2022-04-12 10:34:42
1001,rb2210,SHFE,0_0_     1894574,     2517264,空,平今,4961.0,2,2022-04-12 10:34:47
1002,rb2210,SHFE,0_0_     1895704,     2519838,多,开,4960.0,2,2022-04-12 10:34:58
1003,rb2210,SHFE,0_0_     1895704,     2519848,多,开,4960.0,1,2022-04-12 10:34:58
1004,rb2210,SHFE,0_0_     1895704,     2519863,多,开,4960.0,1,2022-04-12 10:34:58
1005,rb2210,SHFE,0_0_     1895704,     2519884,多,开,4960.0,1,2022-04-12 10:34:59
1006,rb2210,SHFE,0_0_     1896387,     2525068,多,开,4960.0,1,2022-04-12 10:35:21
1007,rb2210,SHFE,0_0_     1899643,     2526409,多,开,4961.0,2,2022-04-12 10:35:29
1008,rb2210,SHFE,0_0_     1900048,     2527224,空,平今,4962.0,4,2022-04-12 10:35:35
1009,rb2210,SHFE,0_0_     1900377,     2529435,多,开,4961.0,4,2022-04-12 10:35:45
1010,rb2210,SHFE,0_0_     1901725,     2529471,空,平今,4962.000000000001,4,2022-04-12 10:35:45
1011,rb2210,SHFE,0_0_     1901740,     2530583,多,开,4961.0,4,2022-04-12 10:35:53
1012,rb2210,SHFE,0_0_     1902774,     2530711,空,平今,4961.0,1,2022-04-12 10:35:53
1013,rb2210,SHFE,0_0_     1902774,     2530714,空,平今,4961.0,1,2022-04-12 10:35:53
1014,rb2210,SHFE,0_0_     1902836,     2531473,空,平今,4961.0,2,2022-04-12 10:35:58
1015,rb2210,SHFE,0_0_     1902899,     2531660,空,平今,4961.000000000001,2,2022-04-12 10:35:59
1016,rb2210,SHFE,0_0_     1903672,     2534386,多,开,4960.0,2,2022-04-12 10:36:11
1017,rb2210,SHFE,0_0_     1915555,     2545404,空,平今,4956.0,1,2022-04-12 10:37:21
1018,rb2210,SHFE,0_0_     1918950,     2550824,多,平今,4960.0,2,2022-04-12 10:37:52
1019,rb2210,SHFE,0_0_     1919658,     2551596,空,平今,4961.0,2,2022-04-12 10:37:56
1020,rb2210,SHFE,0_0_     1920376,     2551610,多,平今,4960.0,2,2022-04-12 10:37:56
1021,rb2210,SHFE,0_0_     1941151,     2586681,多,开,4955.0,3,2022-04-12 10:40:51
1022,rb2210,SHFE,0_0_     1941499,     2587634,多,开,4955.0,2,2022-04-12 10:40:56
1023,rb2210,SHFE,0_0_     1941499,     2587641,多,开,4955.0,1,2022-04-12 10:40:56
1024,rb2210,SHFE,0_0_     1942071,     2588132,空,平今,4956.0,2,2022-04-12 10:41:00
1025,rb2210,SHFE,0_0_     1951229,     2598670,空,平今,4960.0,1,2022-04-12 10:42:04
1026,rb2210,SHFE,0_0_     1951229,     2598746,空,平今,4960.0,1,2022-04-12 10:42:05
1027,rb2210,SHFE,0_0_     1951229,     2598758,空,平今,4960.0,1,2022-04-12 10:42:05
1028,rb2210,SHFE,0_0_     1954131,     2602545,多,开,4962.0,2,2022-04-12 10:42:27
1029,rb2210,SHFE,0_0_     1953393,     2603124,多,平今,4960.0,1,2022-04-12 10:42:33
1030,rb2210,SHFE,0_0_     1959577,     2609034,空,平今,4961.000000000001,1,2022-04-12 10:43:15
1031,rb2210,SHFE,0_0_     1961169,     2610897,多,开,4962.0,2,2022-04-12 10:43:29
1032,rb2210,SHFE,0_0_     1961169,     2610899,多,开,4962.0,1,2022-04-12 10:43:29
1033,rb2210,SHFE,0_0_     1961693,     2616782,空,平今,4963.0,4,2022-04-12 10:44:13
1034,rb2210,SHFE,0_0_     1967680,     2619595,多,开,4961.0,4,2022-04-12 10:44:33
1035,rb2210,SHFE,0_0_     1968353,     2620461,空,平今,4962.0,3,2022-04-12 10:44:41
1036,rb2210,SHFE,0_0_     1970716,     2623045,多,平今,4966.0,1,2022-04-12 10:44:52
1037,rb2210,SHFE,0_0_     1970994,     2624087,空,平今,4966.0,2,2022-04-12 10:44:56
1038,rb2210,SHFE,0_0_     1971054,     2624398,空,开,4966.0,1,2022-04-12 10:44:57
1039,rb2210,SHFE,0_0_     1971054,     2624399,空,开,4966.0,1,2022-04-12 10:44:57
1040,rb2210,SHFE,0_0_     1971054,     2624402,空,开,4966.0,1,2022-04-12 10:44:57
1041,rb2210,SHFE,0_0_     1971136,     2624560,多,平今,4966.0,2,2022-04-12 10:44:58
1042,rb2210,SHFE,0_0_     1970881,     2624767,空,开,4967.0,2,2022-04-12 10:44:59
1043,rb2210,SHFE,0_0_     1970881,     2624772,空,开,4967.0,2,2022-04-12 10:44:59
1044,rb2210,SHFE,0_0_     1971280,     2624801,多,平今,4966.0,4,2022-04-12 10:44:59
1045,rb2210,SHFE,0_0_     1971281,     2624941,空,开,4967.0,3,2022-04-12 10:45:00
1046,rb2210,SHFE,0_0_     1971281,     2624942,空,开,4967.0,1,2022-04-12 10:45:00
1047,rb2210,SHFE,0_0_     1971381,     2625107,空,开,4967.0,2,2022-04-12 10:45:00
1048,rb2210,SHFE,0_0_     1971287,     2625675,多,开,4966.0,1,2022-04-12 10:45:02
1049,rb2210,SHFE,0_0_     1971287,     2625780,多,开,4966.0,1,2022-04-12 10:45:02
1050,rb2210,SHFE,0_0_     1971287,     2625785,多,开,4966.0,1,2022-04-12 10:45:02
1051,rb2210,SHFE,0_0_     1971466,     2625956,多,平今,4966.0,4,2022-04-12 10:45:03
1052,rb2210,SHFE,0_0_     1971588,     2626251,多,平今,4966.0,1,2022-04-12 10:45:03
1053,rb2210,SHFE,0_0_     1969305,     2629575,多,开,4962.0,1,2022-04-12 10:45:11
1054,rb2210,SHFE,0_0_     1969305,     2629669,多,开,4962.0,1,2022-04-12 10:45:11
1055,rb2210,SHFE,0_0_     1969305,     2629728,多,开,4962.0,1,2022-04-12 10:45:11
1056,rb2210,SHFE,0_0_     1969305,     2629737,多,开,4962.0,1,2022-04-12 10:45:11
1057,rb2210,SHFE,0_0_     1980052,     2638381,多,平今,4958.0,2,2022-04-12 10:45:55
1058,rb2210,SHFE,0_0_     1981576,     2638462,空,开,4959.0,2,2022-04-12 10:45:56
1059,rb2210,SHFE,0_0_     1994792,     2651851,空,开,4954.0,3,2022-04-12 10:47:28
1060,rb2210,SHFE,0_0_     1994792,     2651861,空,开,4954.0,1,2022-04-12 10:47:28
1061,rb2210,SHFE,0_0_     1997393,     2653831,多,平今,4955.0,2,2022-04-12 10:47:50
1062,rb2210,SHFE,0_0_     1997393,     2653832,多,平今,4955.0,1,2022-04-12 10:47:50
1063,rb2210,SHFE,0_0_     1999804,     2656585,空,平今,4958.0,2,2022-04-12 10:48:13
1064,rb2210,SHFE,0_0_     1974756,     2673744,空,平今,4963.0,1,2022-04-12 10:51:05
1065,rb2210,SHFE,0_0_     2021043,     2677391,多,平今,4963.0,1,2022-04-12 10:51:25
1066,rb2210,SHFE,0_0_     2022443,     2687138,空,平今,4963.0,2,2022-04-12 10:52:44
1067,rb2210,SHFE,0_0_     2033014,     2688787,空,平今,4965.0,1,2022-04-12 10:52:57
1068,rb2210,SHFE,0_0_     2033177,     2689050,空,开,4965.0,4,2022-04-12 10:52:59
1069,rb2210,SHFE,0_0_     2031534,     2692969,多,平今,4962.0,2,2022-04-12 10:53:31
1070,rb2210,SHFE,0_0_     2036692,     2693248,空,开,4963.0,1,2022-04-12 10:53:34
1071,rb2210,SHFE,0_0_     2036692,     2693290,空,开,4963.0,1,2022-04-12 10:53:34
1072,rb2210,SHFE,0_0_     2036958,     2693304,多,平今,4962.0,1,2022-04-12 10:53:34
1073,rb2210,SHFE,0_0_     2039511,     2695993,多,平今,4963.0,1,2022-04-12 10:54:04
1074,rb2210,SHFE,0_0_     2042178,     2697706,空,开,4963.0,4,2022-04-12 10:54:20
1075,rb2210,SHFE,0_0_     2042494,     2697896,多,平今,4962.0,4,2022-04-12 10:54:21
1076,rb2210,SHFE,0_0_     2042674,     2697948,空,开,4963.0,4,2022-04-12 10:54:21
1077,rb2210,SHFE,0_0_     2042683,     2698128,多,平今,4962.0,1,2022-04-12 10:54:23
1078,rb2210,SHFE,0_0_     2042683,     2698129,多,平今,4962.0,3,2022-04-12 10:54:23
1079,rb2210,SHFE,0_0_     2046679,     2701058,空,开,4963.0,1,2022-04-12 10:54:56
1080,rb2210,SHFE,0_0_     2046679,     2701059,空,开,4963.0,1,2022-04-12 10:54:56
1081,rb2210,SHFE,0_0_     2034784,     2701871,空,平今,4965.0,2,2022-04-12 10:55:00
1082,rb2210,SHFE,0_0_     2048989,     2704356,多,开,4966.0,1,2022-04-12 10:55:12
1083,rb2210,SHFE,0_0_     2048989,     2704370,多,开,4966.0,1,2022-04-12 10:55:12
1084,rb2210,SHFE,0_0_     2048989,     2704384,多,开,4966.0,1,2022-04-12 10:55:12
1085,rb2210,SHFE,0_0_     2050144,     2706119,空,平今,4967.0,2,2022-04-12 10:55:26
1086,rb2210,SHFE,0_0_     2050144,     2706120,空,平今,4967.0,1,2022-04-12 10:55:26
1087,rb2210,SHFE,0_0_     2050863,     2708280,多,平今,4966.0,1,2022-04-12 10:55:40
1088,rb2210,SHFE,0_0_     2052165,     2708829,空,开,4966.0,2,2022-04-12 10:55:42
1089,rb2210,SHFE,0_0_     2047535,     2710114,多,平今,4964.0,2,2022-04-12 10:55:48
1090,rb2210,SHFE,0_0_     2053168,     2710962,空,开,4965.0,2,2022-04-12 10:55:58
1091,rb2210,SHFE,0_0_     2056224,     2713840,空,开,4962.0,1,2022-04-12 10:56:19
1092,rb2210,SHFE,0_0_     2070283,     2726674,多,平今,4963.0,1,2022-04-12 10:58:39
1093,rb2210,SHFE,0_0_     2070567,     2727455,空,开,4964.0,1,2022-04-12 10:58:45
1094,rb2210,SHFE,0_0_     2071230,     2728497,多,平今,4963.0,1,2022-04-12 10:58:51
1095,rb2210,SHFE,0_0_     2072528,     2729130,空,开,4964.000000000001,1,2022-04-12 10:58:55
1096,rb2210,SHFE,0_0_     2073265,     2729779,多,平今,4963.0,1,2022-04-12 10:59:03
1097,rb2210,SHFE,0_0_     2076640,     2733247,多,平今,4966.0,2,2022-04-12 10:59:28
1098,rb2210,SHFE,0_0_     2076918,     2733414,空,开,4967.0,2,2022-04-12 10:59:29
1099,rb2210,SHFE,0_0_     2077750,     2735047,多,开,4968.0,4,2022-04-12 10:59:36
1100,rb2210,SHFE,0_0_     2086041,     2748017,多,平今,4966.0,4,2022-04-12 11:00:44
1101,rb2210,SHFE,0_0_     2092026,     2755042,空,平今,4969.0,1,2022-04-12 11:01:30
1102,rb2210,SHFE,0_0_     2096329,     2760197,空,平今,4972.000000000001,3,2022-04-12 11:02:09
1103,rb2210,SHFE,0_0_     2102342,     2767808,多,平今,4974.0,1,2022-04-12 11:03:03
1104,rb2210,SHFE,0_0_     2107779,     2773783,空,开,4973.0,3,2022-04-12 11:03:59
1105,rb2210,SHFE,0_0_     2108050,     2774809,空,开,4973.0,2,2022-04-12 11:04:05
1106,rb2210,SHFE,0_0_     2109042,     2774851,多,平今,4972.0,2,2022-04-12 11:04:05
1107,rb2210,SHFE,0_0_     2112259,     2778075,多,平今,4973.0,4,2022-04-12 11:04:32
1108,rb2210,SHFE,0_0_     2113295,     2778547,空,开,4974.0,1,2022-04-12 11:04:37
1109,rb2210,SHFE,0_0_     2113369,     2778645,空,开,4974.0,1,2022-04-12 11:04:38
1110,rb2210,SHFE,0_0_     2113369,     2778650,空,开,4974.0,3,2022-04-12 11:04:38
1111,rb2210,SHFE,0_0_     2102618,     2779155,空,开,4975.0,1,2022-04-12 11:04:44
1112,rb2210,SHFE,0_0_     2113767,     2779231,多,平今,4974.0,1,2022-04-12 11:04:45
1113,rb2210,SHFE,0_0_     2114112,     2779544,多,平今,4974.0,1,2022-04-12 11:04:49
1114,rb2210,SHFE,0_0_     2113982,     2779784,空,开,4975.0,2,2022-04-12 11:04:50
1115,rb2210,SHFE,0_0_     2114488,     2779940,空,开,4975.0,1,2022-04-12 11:04:52
1116,rb2210,SHFE,0_0_     2114390,     2780302,多,平今,4974.0,4,2022-04-12 11:04:55
1117,rb2210,SHFE,0_0_     2115116,     2780688,多,平今,4974.0,2,2022-04-12 11:04:59
1118,rb2210,SHFE,0_0_     2116232,     2781728,空,开,4973.0,2,2022-04-12 11:05:06
1119,rb2210,SHFE,0_0_     2116232,     2781729,空,开,4973.0,1,2022-04-12 11:05:06
1120,rb2210,SHFE,0_0_     2119200,     2786412,多,平今,4975.0,5,2022-04-12 11:05:39
1121,rb2210,SHFE,0_0_     2120667,     2787567,多,开,4976.0,2,2022-04-12 11:05:50
1122,rb2210,SHFE,0_0_     2121054,     2788665,多,开,4977.0,3,2022-04-12 11:05:55
1123,rb2210,SHFE,0_0_     2123101,     2791177,空,开,4976.0,4,2022-04-12 11:06:11
1124,rb2210,SHFE,0_0_     2123957,     2809749,空,开,4976.0,2,2022-04-12 11:08:35
1125,rb2210,SHFE,0_0_     2123957,     2809825,空,开,4976.0,2,2022-04-12 11:08:36
1126,rb2210,SHFE,0_0_     2142230,     2811029,多,平今,4975.0,1,2022-04-12 11:08:45
1127,rb2210,SHFE,0_0_     2143803,     2813501,多,平今,4974.0,2,2022-04-12 11:09:12
1128,rb2210,SHFE,0_0_     2144848,     2814434,空,平今,4975.0,1,2022-04-12 11:09:23
1129,rb2210,SHFE,0_0_     2146190,     2816900,多,平今,4974.0,2,2022-04-12 11:09:46
1130,rb2210,SHFE,0_0_     2151170,     2819909,空,平今,4975.0,1,2022-04-12 11:10:12
1131,rb2210,SHFE,0_0_     2151170,     2819911,空,平今,4975.0,1,2022-04-12 11:10:12
1132,rb2210,SHFE,0_0_     2138541,     2822270,多,平今,4972.0,2,2022-04-12 11:10:29
1133,rb2210,SHFE,0_0_     2154339,     2824205,空,开,4970.0,4,2022-04-12 11:10:43
1134,rb2210,SHFE,0_0_     2153246,     2829180,空,开,4973.0,3,2022-04-12 11:11:30
1135,rb2210,SHFE,0_0_     2159726,     2829855,多,平今,4972.0,1,2022-04-12 11:11:36
1136,rb2210,SHFE,0_0_     2159726,     2829941,多,平今,4972.0,1,2022-04-12 11:11:37
1137,rb2210,SHFE,0_0_     2159726,     2831949,多,平今,4972.0,1,2022-04-12 11:11:59
1138,rb2210,SHFE,0_0_     2160146,     2831996,多,平今,4972.0,1,2022-04-12 11:11:59
1139,rb2210,SHFE,0_0_     2163729,     2832105,多,平今,4973.0,3,2022-04-12 11:12:00
1140,rb2210,SHFE,0_0_     2163745,     2832165,空,开,4974.0,1,2022-04-12 11:12:00
1141,rb2210,SHFE,0_0_     2163745,     2832166,空,开,4974.0,2,2022-04-12 11:12:00
1142,rb2210,SHFE,0_0_     2163775,     2832201,多,平今,4973.0,3,2022-04-12 11:12:00
1143,rb2210,SHFE,0_0_     2163803,     2834182,空,开,4974.0,3,2022-04-12 11:12:18
1144,rb2210,SHFE,0_0_     2165439,     2834201,空,开,4974.0,2,2022-04-12 11:12:18
1145,rb2210,SHFE,0_0_     2166067,     2834241,多,平今,4973.0,1,2022-04-12 11:12:18
1146,rb2210,SHFE,0_0_     2166067,     2834247,多,平今,4973.0,1,2022-04-12 11:12:18
1147,rb2210,SHFE,0_0_     2166067,     2834271,多,平今,4973.0,3,2022-04-12 11:12:18
1148,rb2210,SHFE,0_0_     2167198,     2838353,空,开,4974.0,3,2022-04-12 11:13:05
1149,rb2210,SHFE,0_0_     2122212,     2840549,空,平今,4978.0,2,2022-04-12 11:13:12
1150,rb2210,SHFE,0_0_     2174492,     2841203,多,开,4977.0,4,2022-04-12 11:13:17
1151,rb2210,SHFE,0_0_     2175568,     2842026,空,平今,4978.0,4,2022-04-12 11:13:21
1152,rb2210,SHFE,0_0_     2175676,     2842271,多,平今,4978.0,1,2022-04-12 11:13:23
1153,rb2210,SHFE,0_0_     2175732,     2842452,多,开,4978.0,2,2022-04-12 11:13:24
1154,rb2210,SHFE,0_0_     2181952,     2848762,空,平今,4976.0,2,2022-04-12 11:14:22
1155,rb2210,SHFE,0_0_     2176895,     2849121,空,开,4979.0,4,2022-04-12 11:14:26
1156,rb2210,SHFE,0_0_     2182560,     2849589,多,平今,4978.0,4,2022-04-12 11:14:27
1157,rb2210,SHFE,0_0_     2182307,     2849677,多,开,4977.0,4,2022-04-12 11:14:27
1158,rb2210,SHFE,0_0_     2183046,     2850489,多,开,4978.0,1,2022-04-12 11:14:34
1159,rb2210,SHFE,0_0_     2182647,     2850604,多,开,4977.0,1,2022-04-12 11:14:34
1160,rb2210,SHFE,0_0_     2184818,     2852755,空,平今,4982.0,1,2022-04-12 11:14:45
1161,rb2210,SHFE,0_0_     2184819,     2853252,多,开,4981.0,1,2022-04-12 11:14:47
1162,rb2210,SHFE,0_0_     2187485,     2859294,空,平今,4981.0,1,2022-04-12 11:15:23
1163,rb2210,SHFE,0_0_     2185072,     2860531,空,平今,4982.0,2,2022-04-12 11:15:29
1164,rb2210,SHFE,0_0_     2190281,     2860540,多,开,4981.0,2,2022-04-12 11:15:29
1165,rb2210,SHFE,0_0_     2191331,     2862090,空,平今,4982.0,1,2022-04-12 11:15:42
1166,rb2210,SHFE,0_0_     2191658,     2864612,多,开,4982.0,1,2022-04-12 11:15:54
1167,rb2210,SHFE,0_0_     2182136,     2868745,多,开,4976.0,2,2022-04-12 11:16:26
1168,rb2210,SHFE,0_0_     2199107,     2870777,多,平今,4977.0,1,2022-04-12 11:16:44
1169,rb2210,SHFE,0_0_     2206146,     2877804,空,平今,4974.0,2,2022-04-12 11:17:46
1170,rb2210,SHFE,0_0_     2206499,     2878073,空,平今,4974.0,2,2022-04-12 11:17:48
1171,rb2210,SHFE,0_0_     2207008,     2878411,多,平今,4974.0,2,2022-04-12 11:17:53
1172,rb2210,SHFE,0_0_     2207546,     2878824,多,开,4975.0,1,2022-04-12 11:17:57
1173,rb2210,SHFE,0_0_     2196461,     2880172,空,平今,4980.0,1,2022-04-12 11:18:04
1174,rb2210,SHFE,0_0_     2208752,     2880200,多,开,4979.0,1,2022-04-12 11:18:05
1175,rb2210,SHFE,0_0_     2208381,     2880205,多,开,4978.0,4,2022-04-12 11:18:05
1176,rb2210,SHFE,0_0_     2208790,     2880279,空,平今,4979.0,1,2022-04-12 11:18:05
1177,rb2210,SHFE,0_0_     2210252,     2882148,空,平今,4976.0,3,2022-04-12 11:18:16
1178,rb2210,SHFE,0_0_     2210896,     2882211,多,开,4975.0,1,2022-04-12 11:18:17
1179,rb2210,SHFE,0_0_     2210896,     2882225,多,开,4975.0,1,2022-04-12 11:18:17
1180,rb2210,SHFE,0_0_     2210896,     2882240,多,开,4975.0,1,2022-04-12 11:18:17
1181,rb2210,SHFE,0_0_     2215621,     2886351,空,开,4972.0,3,2022-04-12 11:18:51
1182,rb2210,SHFE,0_0_     2214091,     2886637,空,开,4973.0,1,2022-04-12 11:18:55
1183,rb2210,SHFE,0_0_     2211231,     2888385,空,平今,4975.0,3,2022-04-12 11:19:13
1184,rb2210,SHFE,0_0_     2218480,     2888892,多,平今,4974.0,3,2022-04-12 11:19:18
1185,rb2210,SHFE,0_0_     2224527,     2895700,多,平今,4972.000000000001,1,2022-04-12 11:20:24
1186,rb2210,SHFE,0_0_     2227720,     2896015,空,开,4973.0,4,2022-04-12 11:20:29
1187,rb2210,SHFE,0_0_     2228092,     2899132,多,平今,4973.0,3,2022-04-12 11:21:03
1188,rb2210,SHFE,0_0_     2234415,     2901727,多,平今,4971.0,1,2022-04-12 11:21:29
1189,rb2210,SHFE,0_0_     2240002,     2906213,空,开,4972.0,4,2022-04-12 11:22:23
1190,rb2210,SHFE,0_0_     2240711,     2906313,多,平今,4972.0,2,2022-04-12 11:22:25
1191,rb2210,SHFE,0_0_     2247223,     2912542,空,开,4967.0,1,2022-04-12 11:23:16
1192,rb2210,SHFE,0_0_     2247223,     2912543,空,开,4967.0,1,2022-04-12 11:23:16
1193,rb2210,SHFE,0_0_     2248499,     2915118,多,平今,4965.0,1,2022-04-12 11:23:27
1194,rb2210,SHFE,0_0_     2249222,     2915856,多,开,4964.0,4,2022-04-12 11:23:30
1195,rb2210,SHFE,0_0_     2250662,     2918703,空,开,4960.0,4,2022-04-12 11:23:42
1196,rb2210,SHFE,0_0_     2249335,     2923048,空,平今,4965.0,3,2022-04-12 11:24:06
1197,rb2210,SHFE,0_0_     2249335,     2923056,空,平今,4965.0,1,2022-04-12 11:24:06
1198,rb2210,SHFE,0_0_     2254215,     2923268,多,平今,4964.0,1,2022-04-12 11:24:08
1199,rb2210,SHFE,0_0_     2254215,     2923331,多,平今,4964.0,1,2022-04-12 11:24:08
1200,rb2210,SHFE,0_0_     2254215,     2923338,多,平今,4964.0,1,2022-04-12 11:24:08
1201,rb2210,SHFE,0_0_     2254215,     2924241,多,平今,4964.0,1,2022-04-12 11:24:13
1202,rb2210,SHFE,0_0_     2268278,     2939601,多,平今,4962.0,1,2022-04-12 11:25:59
1203,rb2210,SHFE,0_0_     2268516,     2939697,空,开,4963.0,6,2022-04-12 11:25:59
1204,rb2210,SHFE,0_0_     2270449,     2942835,多,开,4963.0,4,2022-04-12 11:26:19
1205,rb2210,SHFE,0_0_     2268573,     2943922,多,平今,4962.0,6,2022-04-12 11:26:27
1206,rb2210,SHFE,0_0_     2273190,     2946031,空,平今,4959.0,1,2022-04-12 11:26:38
1207,rb2210,SHFE,0_0_     2274786,     2949151,空,平今,4957.0,1,2022-04-12 11:26:56
1208,rb2210,SHFE,0_0_     2274954,     2949258,空,平今,4957.0,1,2022-04-12 11:26:56
1209,rb2210,SHFE,0_0_     2273951,     2949802,空,平今,4958.0,1,2022-04-12 11:27:00
1210,rb2210,SHFE,0_0_     2278501,     2954577,多,平今,4960.000000000001,1,2022-04-12 11:27:35
1211,rb2210,SHFE,0_0_     2281768,     2957237,空,开,4960.0,1,2022-04-12 11:28:05
1212,rb2210,SHFE,0_0_     2284090,     2958758,多,平今,4959.0,2,2022-04-12 11:28:21
1213,rb2210,SHFE,0_0_     2285911,     2960478,多,开,4959.0,1,2022-04-12 11:28:39
1214,rb2210,SHFE,0_0_     2293177,     2984983,空,开,4986.0,8,2022-04-12 13:30:12
1215,rb2210,SHFE,0_0_     2293337,     2986929,多,平今,4988.0,4,2022-04-12 13:30:16
1216,rb2210,SHFE,0_0_     2293409,     2987180,多,平今,4989.0,1,2022-04-12 13:30:17
1217,rb2210,SHFE,0_0_     2293726,     2990769,多,平今,4992.0,2,2022-04-12 13:30:23
1218,rb2210,SHFE,0_0_     2293729,     2991264,空,平今,4993.0,1,2022-04-12 13:30:24
1219,rb2210,SHFE,0_0_     2293729,     2991289,空,平今,4993.0,1,2022-04-12 13:30:24
1220,rb2210,SHFE,0_0_     2293814,     2991784,空,平今,4991.0,2,2022-04-12 13:30:25
1221,rb2210,SHFE,0_0_     2294064,     2995972,多,开,4990.0,2,2022-04-12 13:30:35
1222,rb2210,SHFE,0_0_     2294064,     2995973,多,开,4990.0,1,2022-04-12 13:30:35
1223,rb2210,SHFE,0_0_     2294141,     2996952,多,开,4990.0,1,2022-04-12 13:30:37
1224,rb2210,SHFE,0_0_     2294141,     2996953,多,开,4990.0,1,2022-04-12 13:30:37
1225,rb2210,SHFE,0_0_     2294141,     2997077,多,开,4990.0,1,2022-04-12 13:30:38
1226,rb2210,SHFE,0_0_     2294141,     2997082,多,开,4990.0,1,2022-04-12 13:30:38
1227,rb2210,SHFE,0_0_     2294212,     2997729,多,平今,4991.0,1,2022-04-12 13:30:39
1228,rb2210,SHFE,0_0_     2294424,     3000001,空,平今,4989.0,6,2022-04-12 13:30:46
1229,rb2210,SHFE,0_0_     2294579,     3001244,空,开,4989.0,8,2022-04-12 13:30:51
1230,rb2210,SHFE,0_0_     2294659,     3001869,空,平今,4988.0,2,2022-04-12 13:30:53
1231,rb2210,SHFE,0_0_     2294782,     3003369,多,平今,4988.0,8,2022-04-12 13:30:59
1232,rb2210,SHFE,0_0_     2294929,     3004926,空,开,4988.0,8,2022-04-12 13:31:03
1233,rb2210,SHFE,0_0_     2295255,     3007643,多,开,4990.0,4,2022-04-12 13:31:13
