,code,exchange,orderid,tradeid,direction,offset,price,volume,datetime
0,rb2210,SHFE,0_0_         339,       32751,多,开,5008.0,2,2022-04-08 21:00:20
1,rb2210,SHFE,0_0_         386,       34768,空,开,5009.0,4,2022-04-08 21:00:22
2,rb2210,SHFE,0_0_         509,       38957,多,平今,5007.0,2,2022-04-08 21:00:28
3,rb2210,SHFE,0_0_         513,       40032,空,平昨,5008.0,2,2022-04-08 21:00:29
4,rb2210,SHFE,0_0_         536,       46765,多,平今,5007.0,2,2022-04-08 21:00:38
5,rb2210,SHFE,0_0_         703,       47384,空,平昨,5007.000000000001,1,2022-04-08 21:00:39
6,rb2210,SHFE,0_0_         709,       47939,空,开,5007.0,3,2022-04-08 21:00:40
7,rb2210,SHFE,0_0_         939,       57932,多,开,5010.0,6,2022-04-08 21:00:59
8,rb2210,SHFE,0_0_        1081,       60918,空,平今,5011.0,1,2022-04-08 21:01:03
9,rb2210,SHFE,0_0_        1081,       60970,空,平今,5011.0,1,2022-04-08 21:01:03
10,rb2210,SHFE,0_0_        1081,       60997,空,平今,5011.0,1,2022-04-08 21:01:03
11,rb2210,SHFE,0_0_        1081,       61011,空,平今,5011.0,1,2022-04-08 21:01:03
12,rb2210,SHFE,0_0_         826,       66928,多,平今,5007.0,3,2022-04-08 21:01:13
13,rb2210,SHFE,0_0_        1302,       67040,空,平今,5008.0,4,2022-04-08 21:01:14
14,rb2210,SHFE,0_0_        1317,       67573,空,开,5008.0,3,2022-04-08 21:01:15
15,rb2210,SHFE,0_0_        1400,       68461,空,开,5009.0,1,2022-04-08 21:01:17
16,rb2210,SHFE,0_0_        1446,       72253,空,开,5009.0,1,2022-04-08 21:01:24
17,rb2210,SHFE,0_0_        1684,       72365,多,平昨,5008.0,1,2022-04-08 21:01:24
18,rb2210,SHFE,0_0_        1691,       72765,空,开,5009.0,1,2022-04-08 21:01:25
19,rb2210,SHFE,0_0_        1720,       72822,多,平今,5008.0,1,2022-04-08 21:01:25
20,rb2210,SHFE,0_0_        1726,       73106,空,开,5009.0,1,2022-04-08 21:01:26
21,rb2210,SHFE,0_0_        1761,       73298,多,平今,5008.0,1,2022-04-08 21:01:26
22,rb2210,SHFE,0_0_        1767,       73368,空,开,5009.0,1,2022-04-08 21:01:26
23,rb2210,SHFE,0_0_        1768,       73495,多,平今,5008.0,1,2022-04-08 21:01:27
24,rb2210,SHFE,0_0_        1780,       73534,空,开,5009.000000000001,1,2022-04-08 21:01:27
25,rb2210,SHFE,0_0_        1789,       73641,多,平今,5008.0,1,2022-04-08 21:01:27
26,rb2210,SHFE,0_0_        1798,       75433,空,开,5009.0,1,2022-04-08 21:01:31
27,rb2210,SHFE,0_0_        1904,       75501,多,平今,5008.0,1,2022-04-08 21:01:31
28,rb2210,SHFE,0_0_        2097,       79434,空,开,5008.0,1,2022-04-08 21:01:40
29,rb2210,SHFE,0_0_        2097,       79435,空,开,5008.0,1,2022-04-08 21:01:40
30,rb2210,SHFE,0_0_        2110,       79800,多,平今,5008.0,4,2022-04-08 21:01:40
31,rb2210,SHFE,0_0_        1907,       80111,空,开,5009.0,1,2022-04-08 21:01:41
32,rb2210,SHFE,0_0_        2148,       80410,多,开,5008.0,4,2022-04-08 21:01:42
33,rb2210,SHFE,0_0_        2159,       80990,多,平今,5008.0,3,2022-04-08 21:01:43
34,rb2210,SHFE,0_0_        2215,       81452,多,开,5007.0,3,2022-04-08 21:01:44
35,rb2210,SHFE,0_0_        2227,       82335,空,开,5008.0,1,2022-04-08 21:01:46
36,rb2210,SHFE,0_0_        2227,       82343,空,开,5008.0,1,2022-04-08 21:01:46
37,rb2210,SHFE,0_0_        2227,       82349,空,开,5008.0,2,2022-04-08 21:01:46
38,rb2210,SHFE,0_0_        2227,       82371,空,开,5008.0,1,2022-04-08 21:01:46
39,rb2210,SHFE,0_0_        2279,       82812,多,平今,5007.0,5,2022-04-08 21:01:47
40,rb2210,SHFE,0_0_        2305,       83276,空,开,5008.0,5,2022-04-08 21:01:48
41,rb2210,SHFE,0_0_        2202,       85747,空,平今,5009.0,1,2022-04-08 21:01:54
42,rb2210,SHFE,0_0_        2202,       85760,空,平今,5009.0,2,2022-04-08 21:01:54
43,rb2210,SHFE,0_0_        2530,       86347,多,平今,5009.0,1,2022-04-08 21:01:56
44,rb2210,SHFE,0_0_        2838,       90435,多,开,5009.0,1,2022-04-08 21:02:04
45,rb2210,SHFE,0_0_        2838,       90446,多,开,5009.0,1,2022-04-08 21:02:05
46,rb2210,SHFE,0_0_        2838,       90567,多,开,5009.0,2,2022-04-08 21:02:05
47,rb2210,SHFE,0_0_        2881,       90895,空,平今,5010.0,2,2022-04-08 21:02:05
48,rb2210,SHFE,0_0_        2881,       90897,空,平今,5010.0,1,2022-04-08 21:02:05
49,rb2210,SHFE,0_0_        2881,       90899,空,平今,5010.0,2,2022-04-08 21:02:05
50,rb2210,SHFE,0_0_        2893,       90986,多,开,5009.0,5,2022-04-08 21:02:05
51,rb2210,SHFE,0_0_        2902,       91285,空,平今,5010.0,5,2022-04-08 21:02:06
52,rb2210,SHFE,0_0_        2929,       91646,多,开,5009.0,1,2022-04-08 21:02:06
53,rb2210,SHFE,0_0_        2929,       91769,多,开,5009.0,1,2022-04-08 21:02:07
54,rb2210,SHFE,0_0_        2929,       91793,多,开,5009.0,1,2022-04-08 21:02:07
55,rb2210,SHFE,0_0_        2929,       91879,多,开,5009.0,1,2022-04-08 21:02:07
56,rb2210,SHFE,0_0_        2929,       91979,多,开,5009.0,1,2022-04-08 21:02:07
57,rb2210,SHFE,0_0_        2948,       92423,空,平今,5010.0,1,2022-04-08 21:02:07
58,rb2210,SHFE,0_0_        2948,       92515,空,平今,5010.0,1,2022-04-08 21:02:08
59,rb2210,SHFE,0_0_        2948,       92516,空,平今,5010.0,1,2022-04-08 21:02:08
60,rb2210,SHFE,0_0_        2948,       92519,空,平今,5010.0,1,2022-04-08 21:02:08
61,rb2210,SHFE,0_0_        3021,       92562,多,开,5009.0,1,2022-04-08 21:02:08
62,rb2210,SHFE,0_0_        3021,       92756,多,开,5009.0,1,2022-04-08 21:02:08
63,rb2210,SHFE,0_0_        3021,       92757,多,开,5009.0,1,2022-04-08 21:02:08
64,rb2210,SHFE,0_0_        2329,       94217,多,平今,5007.0,5,2022-04-08 21:02:11
65,rb2210,SHFE,0_0_        3159,       94487,空,平今,5008.0,5,2022-04-08 21:02:12
66,rb2210,SHFE,0_0_        3285,       95674,空,开,5008.0,4,2022-04-08 21:02:14
67,rb2210,SHFE,0_0_        4316,      107402,空,开,5003.0,3,2022-04-08 21:02:39
68,rb2210,SHFE,0_0_        4556,      109556,多,平今,5003.0,4,2022-04-08 21:02:46
69,rb2210,SHFE,0_0_        7224,      128730,多,开,4998.0,4,2022-04-08 21:03:32
70,rb2210,SHFE,0_0_        7804,      132016,空,平今,4999.0,1,2022-04-08 21:03:44
71,rb2210,SHFE,0_0_        8107,      133448,多,平今,4998.0,1,2022-04-08 21:03:51
72,rb2210,SHFE,0_0_        8513,      134405,空,平今,4999.0,1,2022-04-08 21:03:55
73,rb2210,SHFE,0_0_        4619,      144914,空,开,5004.0,3,2022-04-08 21:04:31
74,rb2210,SHFE,0_0_        4619,      144924,空,开,5004.0,1,2022-04-08 21:04:31
75,rb2210,SHFE,0_0_       12008,      150407,多,平今,5005.0,6,2022-04-08 21:04:55
76,rb2210,SHFE,0_0_       12736,      154963,空,平今,5007.0,2,2022-04-08 21:05:04
77,rb2210,SHFE,0_0_       13565,      155378,多,开,5006.0,2,2022-04-08 21:05:05
78,rb2210,SHFE,0_0_       13684,      155395,空,平今,5007.0,1,2022-04-08 21:05:05
79,rb2210,SHFE,0_0_       13684,      155396,空,平今,5007.0,1,2022-04-08 21:05:05
80,rb2210,SHFE,0_0_       13692,      155639,多,开,5006.0,2,2022-04-08 21:05:06
81,rb2210,SHFE,0_0_       13764,      156171,空,平今,5007.0,2,2022-04-08 21:05:07
82,rb2210,SHFE,0_0_       13834,      156472,多,开,5006.0,2,2022-04-08 21:05:08
83,rb2210,SHFE,0_0_       13985,      156927,空,平今,5007.0,3,2022-04-08 21:05:08
84,rb2210,SHFE,0_0_       14017,      156965,多,开,5006.0,3,2022-04-08 21:05:08
85,rb2210,SHFE,0_0_       14034,      156989,空,平今,5007.0,3,2022-04-08 21:05:08
86,rb2210,SHFE,0_0_       16019,      163362,空,开,5009.0,2,2022-04-08 21:05:23
87,rb2210,SHFE,0_0_       16094,      163936,多,开,5009.0,1,2022-04-08 21:05:24
88,rb2210,SHFE,0_0_       16094,      163974,多,开,5009.0,1,2022-04-08 21:05:24
89,rb2210,SHFE,0_0_       16094,      163993,多,开,5009.0,1,2022-04-08 21:05:24
90,rb2210,SHFE,0_0_       16094,      164038,多,开,5009.0,1,2022-04-08 21:05:24
91,rb2210,SHFE,0_0_       17694,      168046,空,平今,5009.0,4,2022-04-08 21:05:37
92,rb2210,SHFE,0_0_       14035,      179449,多,开,5006.0,3,2022-04-08 21:06:22
93,rb2210,SHFE,0_0_       23157,      179514,空,平今,5007.0,1,2022-04-08 21:06:22
94,rb2210,SHFE,0_0_       23157,      179515,空,平今,5007.0,1,2022-04-08 21:06:22
95,rb2210,SHFE,0_0_       23157,      179522,空,平今,5007.0,1,2022-04-08 21:06:22
96,rb2210,SHFE,0_0_       23306,      180748,空,平今,5008.0,1,2022-04-08 21:06:27
97,rb2210,SHFE,0_0_       23735,      181825,多,开,5009.0,3,2022-04-08 21:06:31
98,rb2210,SHFE,0_0_       23889,      182043,多,平今,5009.0,1,2022-04-08 21:06:31
99,rb2210,SHFE,0_0_       24387,      182619,多,开,5009.0,2,2022-04-08 21:06:34
100,rb2210,SHFE,0_0_       25322,      184603,多,平今,5010.0,1,2022-04-08 21:06:43
101,rb2210,SHFE,0_0_       25897,      186176,空,平今,5009.0,2,2022-04-08 21:06:48
102,rb2210,SHFE,0_0_       27071,      188589,空,平今,5009.0,1,2022-04-08 21:06:58
103,rb2210,SHFE,0_0_       27071,      188593,空,平今,5009.0,1,2022-04-08 21:06:58
104,rb2210,SHFE,0_0_       27163,      189481,空,开,5010.000000000001,3,2022-04-08 21:07:00
105,rb2210,SHFE,0_0_       28432,      192485,多,开,5010.0,4,2022-04-08 21:07:09
106,rb2210,SHFE,0_0_       27478,      194517,多,平今,5009.0,3,2022-04-08 21:07:19
107,rb2210,SHFE,0_0_       30007,      200966,空,平今,5009.0,1,2022-04-08 21:07:43
108,rb2210,SHFE,0_0_       30007,      201006,空,平今,5009.0,1,2022-04-08 21:07:43
109,rb2210,SHFE,0_0_       30007,      201007,空,平今,5009.0,1,2022-04-08 21:07:43
110,rb2210,SHFE,0_0_       32872,      201422,多,开,5008.0,3,2022-04-08 21:07:44
111,rb2210,SHFE,0_0_       32983,      201503,空,平今,5009.0,1,2022-04-08 21:07:44
112,rb2210,SHFE,0_0_       32983,      201508,空,平今,5009.0,1,2022-04-08 21:07:44
113,rb2210,SHFE,0_0_       32983,      201510,空,平今,5009.0,1,2022-04-08 21:07:44
114,rb2210,SHFE,0_0_       33321,      202459,空,开,5009.0,2,2022-04-08 21:07:49
115,rb2210,SHFE,0_0_       33503,      202543,多,平今,5008.0,1,2022-04-08 21:07:49
116,rb2210,SHFE,0_0_       33503,      202549,多,平今,5008.0,1,2022-04-08 21:07:49
117,rb2210,SHFE,0_0_       33609,      202708,空,开,5009.0,3,2022-04-08 21:07:50
118,rb2210,SHFE,0_0_       33711,      203364,多,平今,5008.0,3,2022-04-08 21:07:54
119,rb2210,SHFE,0_0_       34123,      203850,空,开,5009.0,1,2022-04-08 21:07:57
120,rb2210,SHFE,0_0_       34123,      203911,空,开,5009.0,2,2022-04-08 21:07:57
121,rb2210,SHFE,0_0_       29604,      204615,空,平今,5010.0,2,2022-04-08 21:08:00
122,rb2210,SHFE,0_0_       40254,      213257,多,开,5012.0,1,2022-04-08 21:08:39
123,rb2210,SHFE,0_0_       40254,      213268,多,开,5012.0,1,2022-04-08 21:08:39
124,rb2210,SHFE,0_0_       40254,      213269,多,开,5012.0,1,2022-04-08 21:08:39
125,rb2210,SHFE,0_0_       40254,      213270,多,开,5012.0,1,2022-04-08 21:08:39
126,rb2210,SHFE,0_0_       40254,      213340,多,开,5012.0,1,2022-04-08 21:08:40
127,rb2210,SHFE,0_0_       40461,      213418,多,平今,5013.0,1,2022-04-08 21:08:40
128,rb2210,SHFE,0_0_       42433,      216473,空,平今,5014.0,4,2022-04-08 21:08:50
129,rb2210,SHFE,0_0_       42562,      218041,多,开,5013.0,1,2022-04-08 21:08:55
130,rb2210,SHFE,0_0_       42562,      218097,多,开,5013.0,6,2022-04-08 21:08:56
131,rb2210,SHFE,0_0_       43422,      218260,空,平今,5014.0,1,2022-04-08 21:08:57
132,rb2210,SHFE,0_0_       43422,      218261,空,平今,5014.0,1,2022-04-08 21:08:57
133,rb2210,SHFE,0_0_       43422,      218262,空,平今,5014.0,3,2022-04-08 21:08:57
134,rb2210,SHFE,0_0_       43422,      218263,空,平今,5014.0,2,2022-04-08 21:08:57
135,rb2210,SHFE,0_0_       43941,      219519,多,开,5014.0,1,2022-04-08 21:09:02
136,rb2210,SHFE,0_0_       46023,      222307,多,开,5017.0,6,2022-04-08 21:09:10
137,rb2210,SHFE,0_0_       46490,      223423,空,平今,5019.0,1,2022-04-08 21:09:12
138,rb2210,SHFE,0_0_       46490,      223424,空,平今,5019.0,2,2022-04-08 21:09:12
139,rb2210,SHFE,0_0_       49982,      230914,空,平今,5026.000000000001,1,2022-04-08 21:09:28
140,rb2210,SHFE,0_0_       50348,      231140,多,开,5026.0,4,2022-04-08 21:09:29
141,rb2210,SHFE,0_0_       47898,      235918,多,平今,5020.0,1,2022-04-08 21:09:45
142,rb2210,SHFE,0_0_       53583,      236134,空,平今,5021.0,1,2022-04-08 21:09:46
143,rb2210,SHFE,0_0_       53583,      236136,空,平今,5021.0,1,2022-04-08 21:09:46
144,rb2210,SHFE,0_0_       53583,      236139,空,平今,5021.0,2,2022-04-08 21:09:46
145,rb2210,SHFE,0_0_       54068,      236893,空,平今,5022.0,4,2022-04-08 21:09:49
146,rb2210,SHFE,0_0_       54835,      238046,多,开,5023.0,5,2022-04-08 21:09:54
147,rb2210,SHFE,0_0_       54835,      238055,多,开,5023.0,1,2022-04-08 21:09:54
148,rb2210,SHFE,0_0_       54835,      238062,多,开,5023.0,1,2022-04-08 21:09:54
149,rb2210,SHFE,0_0_       55216,      238492,空,平今,5024.0,4,2022-04-08 21:09:57
150,rb2210,SHFE,0_0_       63217,      249835,空,开,5027.0,2,2022-04-08 21:10:36
151,rb2210,SHFE,0_0_       63217,      249848,空,开,5027.0,2,2022-04-08 21:10:36
152,rb2210,SHFE,0_0_       65265,      254497,多,平今,5029.0,1,2022-04-08 21:10:51
153,rb2210,SHFE,0_0_       66539,      254634,空,平今,5030.0,3,2022-04-08 21:10:51
154,rb2210,SHFE,0_0_       67097,      255404,空,开,5031.0,1,2022-04-08 21:10:54
155,rb2210,SHFE,0_0_       67097,      255405,空,开,5031.0,1,2022-04-08 21:10:54
156,rb2210,SHFE,0_0_       67097,      255406,空,开,5031.0,1,2022-04-08 21:10:54
157,rb2210,SHFE,0_0_       67015,      255588,多,开,5030.0,4,2022-04-08 21:10:55
158,rb2210,SHFE,0_0_       67489,      255710,空,平今,5031.0,4,2022-04-08 21:10:55
159,rb2210,SHFE,0_0_       67516,      255720,多,平今,5030.0,3,2022-04-08 21:10:55
160,rb2210,SHFE,0_0_       68865,      261120,空,开,5029.0,1,2022-04-08 21:11:16
161,rb2210,SHFE,0_0_       71207,      261648,多,平今,5028.0,1,2022-04-08 21:11:18
162,rb2210,SHFE,0_0_       76684,      267275,多,开,5029.0,1,2022-04-08 21:11:45
163,rb2210,SHFE,0_0_       71795,      268042,多,平今,5028.0,1,2022-04-08 21:11:51
164,rb2210,SHFE,0_0_       71795,      268049,多,平今,5028.0,1,2022-04-08 21:11:51
165,rb2210,SHFE,0_0_       71795,      268054,多,平今,5028.0,1,2022-04-08 21:11:51
166,rb2210,SHFE,0_0_       71795,      268224,多,平今,5028.0,1,2022-04-08 21:11:51
167,rb2210,SHFE,0_0_       78505,      268978,空,平今,5029.0,1,2022-04-08 21:11:55
168,rb2210,SHFE,0_0_       67518,      269927,空,开,5031.0,3,2022-04-08 21:12:00
169,rb2210,SHFE,0_0_       81261,      277747,多,开,5032.0,1,2022-04-08 21:12:25
170,rb2210,SHFE,0_0_       81261,      277785,多,开,5032.0,1,2022-04-08 21:12:25
171,rb2210,SHFE,0_0_       81261,      277942,多,开,5032.0,1,2022-04-08 21:12:26
172,rb2210,SHFE,0_0_       81261,      277961,多,开,5032.0,1,2022-04-08 21:12:26
173,rb2210,SHFE,0_0_       81261,      278417,多,开,5032.0,1,2022-04-08 21:12:27
174,rb2210,SHFE,0_0_       85652,      278748,空,平今,5033.0,3,2022-04-08 21:12:28
175,rb2210,SHFE,0_0_       85652,      279121,空,平今,5033.0,1,2022-04-08 21:12:30
176,rb2210,SHFE,0_0_       86358,      279641,多,开,5032.0,1,2022-04-08 21:12:32
177,rb2210,SHFE,0_0_       86556,      279826,空,平今,5033.0,1,2022-04-08 21:12:33
178,rb2210,SHFE,0_0_       88940,      282546,空,平今,5035.0,1,2022-04-08 21:12:47
179,rb2210,SHFE,0_0_       89059,      283115,多,开,5034.0,1,2022-04-08 21:12:50
180,rb2210,SHFE,0_0_       79477,      290683,多,平今,5030.0,1,2022-04-08 21:13:23
181,rb2210,SHFE,0_0_       79477,      290947,多,平今,5030.0,1,2022-04-08 21:13:24
182,rb2210,SHFE,0_0_       79477,      290960,多,平今,5030.0,1,2022-04-08 21:13:24
183,rb2210,SHFE,0_0_       96359,      291694,空,平今,5033.0,1,2022-04-08 21:13:29
184,rb2210,SHFE,0_0_       97408,      291829,多,开,5032.0,1,2022-04-08 21:13:30
185,rb2210,SHFE,0_0_       89848,      292662,空,开,5035.0,3,2022-04-08 21:13:35
186,rb2210,SHFE,0_0_       98103,      292685,多,平今,5034.0,3,2022-04-08 21:13:35
187,rb2210,SHFE,0_0_      100001,      294551,空,开,5034.0,3,2022-04-08 21:13:48
188,rb2210,SHFE,0_0_      100056,      294996,多,平今,5033.0,1,2022-04-08 21:13:52
189,rb2210,SHFE,0_0_      100056,      295010,多,平今,5033.0,2,2022-04-08 21:13:52
190,rb2210,SHFE,0_0_      100451,      296709,空,开,5034.0,2,2022-04-08 21:14:00
191,rb2210,SHFE,0_0_      102089,      297026,空,开,5034.0,4,2022-04-08 21:14:00
192,rb2210,SHFE,0_0_      107628,      303067,多,平今,5034.0,4,2022-04-08 21:14:34
193,rb2210,SHFE,0_0_      111189,      309254,空,开,5036.0,2,2022-04-08 21:15:00
194,rb2210,SHFE,0_0_       96893,      314696,多,开,5031.000000000001,4,2022-04-08 21:15:12
195,rb2210,SHFE,0_0_       78681,      316326,多,开,5028.0,1,2022-04-08 21:15:16
196,rb2210,SHFE,0_0_      115639,      316558,空,平今,5029.0,2,2022-04-08 21:15:16
197,rb2210,SHFE,0_0_      116553,      317900,多,平今,5028.0,1,2022-04-08 21:15:20
198,rb2210,SHFE,0_0_      116553,      317901,多,平今,5028.0,1,2022-04-08 21:15:20
199,rb2210,SHFE,0_0_      116553,      317904,多,平今,5028.0,2,2022-04-08 21:15:20
200,rb2210,SHFE,0_0_      124032,      327496,空,开,5027.0,2,2022-04-08 21:15:56
201,rb2210,SHFE,0_0_      128567,      333029,多,开,5027.0,4,2022-04-08 21:16:20
202,rb2210,SHFE,0_0_      132875,      337873,空,平今,5027.0,1,2022-04-08 21:16:44
203,rb2210,SHFE,0_0_      132875,      337903,空,平今,5027.0,1,2022-04-08 21:16:44
204,rb2210,SHFE,0_0_      132875,      337933,空,平今,5027.0,1,2022-04-08 21:16:44
205,rb2210,SHFE,0_0_      134942,      338689,空,开,5025.0,1,2022-04-08 21:16:49
206,rb2210,SHFE,0_0_      134942,      338690,空,开,5025.0,1,2022-04-08 21:16:49
207,rb2210,SHFE,0_0_      134942,      338691,空,开,5025.0,1,2022-04-08 21:16:49
208,rb2210,SHFE,0_0_      135426,      339578,多,平今,5024.0,4,2022-04-08 21:16:53
209,rb2210,SHFE,0_0_      137740,      344417,空,开,5024.0,2,2022-04-08 21:17:16
210,rb2210,SHFE,0_0_      139522,      345105,多,平今,5023.0,2,2022-04-08 21:17:17
211,rb2210,SHFE,0_0_      139902,      345572,空,开,5024.0,1,2022-04-08 21:17:19
212,rb2210,SHFE,0_0_      139902,      345576,空,开,5024.0,1,2022-04-08 21:17:19
213,rb2210,SHFE,0_0_      145428,      351380,多,平今,5023.0,3,2022-04-08 21:17:49
214,rb2210,SHFE,0_0_      145494,      354702,空,开,5024.0,4,2022-04-08 21:18:03
215,rb2210,SHFE,0_0_      148073,      356359,多,平今,5024.0,1,2022-04-08 21:18:13
216,rb2210,SHFE,0_0_      148073,      356362,多,平今,5024.0,1,2022-04-08 21:18:13
217,rb2210,SHFE,0_0_      148073,      356437,多,平今,5024.0,1,2022-04-08 21:18:14
218,rb2210,SHFE,0_0_      148073,      356444,多,平今,5024.0,1,2022-04-08 21:18:14
219,rb2210,SHFE,0_0_      154148,      360749,空,开,5025.0,2,2022-04-08 21:18:39
220,rb2210,SHFE,0_0_      155493,      366858,空,开,5024.0,1,2022-04-08 21:19:07
221,rb2210,SHFE,0_0_      155493,      366862,空,开,5024.0,1,2022-04-08 21:19:07
222,rb2210,SHFE,0_0_      155493,      366884,空,开,5024.0,3,2022-04-08 21:19:07
223,rb2210,SHFE,0_0_      167822,      378560,空,平今,5020.0,3,2022-04-08 21:20:00
224,rb2210,SHFE,0_0_      172595,      389151,多,平今,5019.0,3,2022-04-08 21:20:41
225,rb2210,SHFE,0_0_      176092,      390912,多,平今,5018.0,2,2022-04-08 21:20:46
226,rb2210,SHFE,0_0_      176092,      390931,多,平今,5018.0,2,2022-04-08 21:20:46
227,rb2210,SHFE,0_0_      177498,      392595,多,开,5019.0,2,2022-04-08 21:20:56
228,rb2210,SHFE,0_0_      185372,      402410,空,平今,5018.0,2,2022-04-08 21:21:50
229,rb2210,SHFE,0_0_      185372,      402445,空,平今,5018.0,2,2022-04-08 21:21:51
230,rb2210,SHFE,0_0_      187030,      402589,空,开,5018.0,1,2022-04-08 21:21:51
231,rb2210,SHFE,0_0_      187030,      402655,空,开,5018.0,1,2022-04-08 21:21:52
232,rb2210,SHFE,0_0_      187030,      402700,空,开,5018.0,1,2022-04-08 21:21:52
233,rb2210,SHFE,0_0_      205146,      423798,多,平今,5022.0,2,2022-04-08 21:23:55
234,rb2210,SHFE,0_0_      210883,      431116,空,开,5015.0,1,2022-04-08 21:24:31
235,rb2210,SHFE,0_0_      210883,      431117,空,开,5015.0,1,2022-04-08 21:24:31
236,rb2210,SHFE,0_0_      210883,      431121,空,开,5015.0,1,2022-04-08 21:24:31
237,rb2210,SHFE,0_0_      211275,      431202,多,平今,5014.0,1,2022-04-08 21:24:31
238,rb2210,SHFE,0_0_      211275,      431237,多,平今,5014.0,1,2022-04-08 21:24:32
239,rb2210,SHFE,0_0_      211275,      431243,多,平今,5014.0,1,2022-04-08 21:24:32
240,rb2210,SHFE,0_0_      214152,      435040,空,开,5012.0,2,2022-04-08 21:24:48
241,rb2210,SHFE,0_0_      214152,      435041,空,开,5012.0,2,2022-04-08 21:24:48
242,rb2210,SHFE,0_0_      219441,      442028,多,平今,5005.0,1,2022-04-08 21:25:14
243,rb2210,SHFE,0_0_      219441,      442029,多,平今,5005.0,2,2022-04-08 21:25:14
244,rb2210,SHFE,0_0_      219441,      442030,多,平今,5005.0,1,2022-04-08 21:25:14
245,rb2210,SHFE,0_0_      220622,      444826,空,开,5004.000000000001,2,2022-04-08 21:25:23
246,rb2210,SHFE,0_0_      220622,      444827,空,开,5004.000000000001,1,2022-04-08 21:25:23
247,rb2210,SHFE,0_0_      221139,      445781,多,平今,5004.0,1,2022-04-08 21:25:27
248,rb2210,SHFE,0_0_      221352,      445904,空,开,5005.0,1,2022-04-08 21:25:27
249,rb2210,SHFE,0_0_      221583,      446255,多,平今,5006.0,1,2022-04-08 21:25:29
250,rb2210,SHFE,0_0_      221583,      446256,多,平今,5006.0,1,2022-04-08 21:25:29
251,rb2210,SHFE,0_0_      222608,      449999,多,平今,5004.0,1,2022-04-08 21:25:42
252,rb2210,SHFE,0_0_      224597,      450164,空,开,5005.0,1,2022-04-08 21:25:42
253,rb2210,SHFE,0_0_      224828,      450898,多,平今,5004.0,1,2022-04-08 21:25:46
254,rb2210,SHFE,0_0_      225278,      451659,多,开,5004.0,1,2022-04-08 21:25:50
255,rb2210,SHFE,0_0_      225278,      451669,多,开,5004.0,3,2022-04-08 21:25:50
256,rb2210,SHFE,0_0_      228480,      455358,多,平今,5007.0,1,2022-04-08 21:26:05
257,rb2210,SHFE,0_0_      230547,      459408,空,平今,5006.0,3,2022-04-08 21:26:29
258,rb2210,SHFE,0_0_      238506,      468147,空,开,5003.0,2,2022-04-08 21:27:17
259,rb2210,SHFE,0_0_      238506,      468148,空,开,5003.0,1,2022-04-08 21:27:17
260,rb2210,SHFE,0_0_      239090,      468743,多,开,5002.0,1,2022-04-08 21:27:21
261,rb2210,SHFE,0_0_      239090,      468746,多,开,5002.0,1,2022-04-08 21:27:21
262,rb2210,SHFE,0_0_      239090,      468747,多,开,5002.0,1,2022-04-08 21:27:21
263,rb2210,SHFE,0_0_      239090,      468760,多,开,5002.0,1,2022-04-08 21:27:21
264,rb2210,SHFE,0_0_      239090,      468767,多,开,5002.0,1,2022-04-08 21:27:21
265,rb2210,SHFE,0_0_      239090,      468778,多,开,5002.0,1,2022-04-08 21:27:21
266,rb2210,SHFE,0_0_      239832,      469761,空,平今,5002.0,4,2022-04-08 21:27:25
267,rb2210,SHFE,0_0_      242163,      473331,多,平今,5004.0,2,2022-04-08 21:27:45
268,rb2210,SHFE,0_0_      242602,      473627,空,平今,5005.0,3,2022-04-08 21:27:47
269,rb2210,SHFE,0_0_      242680,      475429,多,开,5004.0,3,2022-04-08 21:28:00
270,rb2210,SHFE,0_0_      244176,      475455,空,开,5005.0,1,2022-04-08 21:28:00
271,rb2210,SHFE,0_0_      244176,      475514,空,开,5005.0,1,2022-04-08 21:28:01
272,rb2210,SHFE,0_0_      244176,      475523,空,开,5005.0,2,2022-04-08 21:28:01
273,rb2210,SHFE,0_0_      244263,      475682,多,平今,5004.0,1,2022-04-08 21:28:01
274,rb2210,SHFE,0_0_      244317,      476340,空,平今,5005.0,1,2022-04-08 21:28:05
275,rb2210,SHFE,0_0_      253387,      486106,多,平今,5007.0,1,2022-04-08 21:29:11
276,rb2210,SHFE,0_0_      253387,      486191,多,平今,5007.0,2,2022-04-08 21:29:11
277,rb2210,SHFE,0_0_      245135,      488407,多,平今,5004.0,1,2022-04-08 21:29:28
278,rb2210,SHFE,0_0_      257125,      490110,多,开,5004.0,2,2022-04-08 21:29:36
279,rb2210,SHFE,0_0_      254274,      493356,空,平今,5008.0,2,2022-04-08 21:29:56
280,rb2210,SHFE,0_0_      265860,      502108,多,开,5011.0,4,2022-04-08 21:30:28
281,rb2210,SHFE,0_0_      270548,      506200,空,开,5012.0,8,2022-04-08 21:30:52
282,rb2210,SHFE,0_0_      271076,      506461,多,平今,5011.0,3,2022-04-08 21:30:53
283,rb2210,SHFE,0_0_      271327,      506966,空,平今,5011.0,1,2022-04-08 21:30:56
284,rb2210,SHFE,0_0_      265210,      508374,多,开,5008.0,1,2022-04-08 21:31:02
285,rb2210,SHFE,0_0_      278949,      515015,多,平今,5006.0,2,2022-04-08 21:31:45
286,rb2210,SHFE,0_0_      279858,      515713,空,平今,5006.0,4,2022-04-08 21:31:50
287,rb2210,SHFE,0_0_      282096,      518320,空,开,5003.0,1,2022-04-08 21:32:04
288,rb2210,SHFE,0_0_      282096,      518328,空,开,5003.0,1,2022-04-08 21:32:04
289,rb2210,SHFE,0_0_      282096,      518371,空,开,5003.0,1,2022-04-08 21:32:04
290,rb2210,SHFE,0_0_      282096,      518397,空,开,5003.0,1,2022-04-08 21:32:04
291,rb2210,SHFE,0_0_      282096,      518451,空,开,5003.0,1,2022-04-08 21:32:04
292,rb2210,SHFE,0_0_      286717,      523697,多,平今,5006.0,2,2022-04-08 21:32:43
293,rb2210,SHFE,0_0_      287031,      523750,空,平今,5007.0,2,2022-04-08 21:32:44
294,rb2210,SHFE,0_0_      287050,      524242,多,平今,5006.0,2,2022-04-08 21:32:49
295,rb2210,SHFE,0_0_      283552,      526530,多,平今,5002.0,2,2022-04-08 21:33:06
296,rb2210,SHFE,0_0_      289724,      526631,空,开,5002.0,1,2022-04-08 21:33:06
297,rb2210,SHFE,0_0_      289724,      526638,空,开,5002.0,3,2022-04-08 21:33:06
298,rb2210,SHFE,0_0_      283125,      527688,多,平今,5001.0,1,2022-04-08 21:33:09
299,rb2210,SHFE,0_0_      292130,      530398,多,平今,4999.0,1,2022-04-08 21:33:20
300,rb2210,SHFE,0_0_      292130,      530401,多,平今,4999.0,1,2022-04-08 21:33:20
301,rb2210,SHFE,0_0_      292130,      530403,多,平今,4999.0,1,2022-04-08 21:33:20
302,rb2210,SHFE,0_0_      292194,      532621,空,开,5000.0,1,2022-04-08 21:33:30
303,rb2210,SHFE,0_0_      293830,      532707,多,开,4999.0,4,2022-04-08 21:33:30
304,rb2210,SHFE,0_0_      294521,      533503,多,平今,4998.0,1,2022-04-08 21:33:34
305,rb2210,SHFE,0_0_      292194,      535453,空,开,5000.0,2,2022-04-08 21:33:43
306,rb2210,SHFE,0_0_      295943,      535625,多,平今,4999.000000000001,2,2022-04-08 21:33:43
307,rb2210,SHFE,0_0_      296003,      535853,空,平今,5000.0,2,2022-04-08 21:33:44
308,rb2210,SHFE,0_0_      296223,      536227,多,开,4999.0,2,2022-04-08 21:33:45
309,rb2210,SHFE,0_0_      300214,      540983,空,开,4998.0,5,2022-04-08 21:34:08
310,rb2210,SHFE,0_0_      290812,      550919,空,开,5002.0,1,2022-04-08 21:35:01
311,rb2210,SHFE,0_0_      311161,      555594,多,开,5006.0,4,2022-04-08 21:35:22
312,rb2210,SHFE,0_0_      317389,      562022,空,平今,5003.0,2,2022-04-08 21:35:58
313,rb2210,SHFE,0_0_      308109,      562520,多,平今,5001.0,3,2022-04-08 21:36:00
314,rb2210,SHFE,0_0_      317809,      563135,空,平今,5002.0,3,2022-04-08 21:36:05
315,rb2210,SHFE,0_0_      320336,      565545,多,平今,5005.0,1,2022-04-08 21:36:23
316,rb2210,SHFE,0_0_      320336,      565556,多,平今,5005.0,1,2022-04-08 21:36:24
317,rb2210,SHFE,0_0_      320336,      565566,多,平今,5005.0,2,2022-04-08 21:36:24
318,rb2210,SHFE,0_0_      324210,      571031,空,开,4995.0,2,2022-04-08 21:36:51
319,rb2210,SHFE,0_0_      324210,      571038,空,开,4995.0,1,2022-04-08 21:36:51
320,rb2210,SHFE,0_0_      324210,      571051,空,开,4995.0,1,2022-04-08 21:36:51
321,rb2210,SHFE,0_0_      324786,      571207,多,平今,4994.0,2,2022-04-08 21:36:51
322,rb2210,SHFE,0_0_      324786,      571220,多,平今,4994.0,2,2022-04-08 21:36:51
323,rb2210,SHFE,0_0_      324913,      571241,空,开,4995.0,7,2022-04-08 21:36:51
324,rb2210,SHFE,0_0_      328218,      575292,多,平今,4998.0,1,2022-04-08 21:37:18
325,rb2210,SHFE,0_0_      338447,      586932,多,开,5002.0,2,2022-04-08 21:38:42
326,rb2210,SHFE,0_0_      338447,      586943,多,开,5002.0,1,2022-04-08 21:38:42
327,rb2210,SHFE,0_0_      338447,      587001,多,开,5002.0,1,2022-04-08 21:38:42
328,rb2210,SHFE,0_0_      339020,      587422,空,平今,5003.0,4,2022-04-08 21:38:47
329,rb2210,SHFE,0_0_      339073,      589688,多,开,5002.0,3,2022-04-08 21:38:59
330,rb2210,SHFE,0_0_      356039,      608441,多,开,4998.0,1,2022-04-08 21:40:56
331,rb2210,SHFE,0_0_      357649,      608488,空,平今,4999.0,1,2022-04-08 21:40:56
332,rb2210,SHFE,0_0_      340578,      613329,空,平今,5003.0,1,2022-04-08 21:41:25
333,rb2210,SHFE,0_0_      340578,      613356,空,平今,5003.0,1,2022-04-08 21:41:25
334,rb2210,SHFE,0_0_      340578,      613370,空,平今,5003.0,1,2022-04-08 21:41:25
335,rb2210,SHFE,0_0_      362078,      613387,多,开,5002.0,2,2022-04-08 21:41:25
336,rb2210,SHFE,0_0_      362078,      613393,多,开,5002.0,1,2022-04-08 21:41:26
337,rb2210,SHFE,0_0_      368533,      627079,空,平今,5003.0,1,2022-04-08 21:42:27
338,rb2210,SHFE,0_0_      365286,      629883,空,平今,5004.0,2,2022-04-08 21:42:45
339,rb2210,SHFE,0_0_      377206,      631854,多,平今,5004.000000000001,1,2022-04-08 21:42:56
340,rb2210,SHFE,0_0_      377391,      631963,空,平今,5005.0,2,2022-04-08 21:42:56
341,rb2210,SHFE,0_0_      377830,      632266,多,平今,5005.0,4,2022-04-08 21:42:59
342,rb2210,SHFE,0_0_      377446,      634049,多,平今,5004.0,2,2022-04-08 21:43:08
343,rb2210,SHFE,0_0_      386184,      640955,空,平今,5003.0,1,2022-04-08 21:44:05
344,rb2210,SHFE,0_0_      396243,      651799,多,开,5002.0,4,2022-04-08 21:45:17
345,rb2210,SHFE,0_0_      396555,      653091,空,平今,5003.0,1,2022-04-08 21:45:26
346,rb2210,SHFE,0_0_      396555,      653108,空,平今,5003.0,2,2022-04-08 21:45:26
347,rb2210,SHFE,0_0_      396555,      653119,空,平今,5003.0,1,2022-04-08 21:45:26
348,rb2210,SHFE,0_0_      397541,      655021,多,开,5002.0,4,2022-04-08 21:45:41
349,rb2210,SHFE,0_0_      399450,      655907,空,平今,5003.0,4,2022-04-08 21:45:49
350,rb2210,SHFE,0_0_      413702,      669862,空,开,5000.0,4,2022-04-08 21:47:22
351,rb2210,SHFE,0_0_      416360,      673311,多,平今,4999.0,4,2022-04-08 21:47:53
352,rb2210,SHFE,0_0_      427961,      681275,空,开,5003.0,1,2022-04-08 21:49:17
353,rb2210,SHFE,0_0_      447070,      705093,空,开,4998.0,1,2022-04-08 21:52:54
354,rb2210,SHFE,0_0_      447070,      705141,空,开,4998.0,1,2022-04-08 21:52:55
355,rb2210,SHFE,0_0_      447070,      705150,空,开,4998.0,1,2022-04-08 21:52:55
356,rb2210,SHFE,0_0_      447070,      705175,空,开,4998.0,1,2022-04-08 21:52:55
357,rb2210,SHFE,0_0_      452250,      712255,空,开,4994.0,1,2022-04-08 21:54:00
358,rb2210,SHFE,0_0_      452921,      714209,多,平今,4991.0,1,2022-04-08 21:54:04
359,rb2210,SHFE,0_0_      452921,      714220,多,平今,4991.0,1,2022-04-08 21:54:04
360,rb2210,SHFE,0_0_      452921,      714227,多,平今,4991.0,1,2022-04-08 21:54:04
361,rb2210,SHFE,0_0_      452921,      714228,多,平今,4991.0,1,2022-04-08 21:54:04
362,rb2210,SHFE,0_0_      452978,      715010,空,开,4992.0,1,2022-04-08 21:54:06
363,rb2210,SHFE,0_0_      452978,      715014,空,开,4992.0,1,2022-04-08 21:54:06
364,rb2210,SHFE,0_0_      452978,      715019,空,开,4992.0,1,2022-04-08 21:54:06
365,rb2210,SHFE,0_0_      452978,      715023,空,开,4992.0,1,2022-04-08 21:54:06
366,rb2210,SHFE,0_0_      453195,      715101,多,平今,4991.0,4,2022-04-08 21:54:06
367,rb2210,SHFE,0_0_      453209,      715220,多,开,4991.0,8,2022-04-08 21:54:06
368,rb2210,SHFE,0_0_      453204,      715564,空,开,4992.0,4,2022-04-08 21:54:07
369,rb2210,SHFE,0_0_      455623,      719309,多,平今,4995.0,1,2022-04-08 21:54:28
370,rb2210,SHFE,0_0_      455761,      719746,多,平今,4995.0,1,2022-04-08 21:54:32
371,rb2210,SHFE,0_0_      456124,      719864,空,平今,4996.0,1,2022-04-08 21:54:33
372,rb2210,SHFE,0_0_      456170,      720055,多,平今,4995.0,1,2022-04-08 21:54:34
373,rb2210,SHFE,0_0_      456181,      720169,空,平今,4996.0,1,2022-04-08 21:54:35
374,rb2210,SHFE,0_0_      456445,      725388,空,平今,4996.0,2,2022-04-08 21:55:15
375,rb2210,SHFE,0_0_      456445,      725416,空,平今,4996.0,1,2022-04-08 21:55:15
376,rb2210,SHFE,0_0_      456445,      725430,空,平今,4996.0,1,2022-04-08 21:55:15
377,rb2210,SHFE,0_0_      460454,      728431,多,开,4995.0,1,2022-04-08 21:55:45
378,rb2210,SHFE,0_0_      460454,      728432,多,开,4995.0,1,2022-04-08 21:55:45
379,rb2210,SHFE,0_0_      460454,      728457,多,开,4995.0,1,2022-04-08 21:55:45
380,rb2210,SHFE,0_0_      460454,      728495,多,开,4995.0,1,2022-04-08 21:55:46
381,rb2210,SHFE,0_0_      462866,      728520,空,平今,4996.0,1,2022-04-08 21:55:46
382,rb2210,SHFE,0_0_      475648,      744754,空,平今,5000.0,2,2022-04-08 21:57:47
383,rb2210,SHFE,0_0_      496499,      767536,空,平今,5003.0,1,2022-04-08 22:00:28
384,rb2210,SHFE,0_0_      496499,      767568,空,平今,5003.0,1,2022-04-08 22:00:28
385,rb2210,SHFE,0_0_      496499,      767569,空,平今,5003.0,1,2022-04-08 22:00:28
386,rb2210,SHFE,0_0_      499754,      772216,空,开,5004.000000000001,1,2022-04-08 22:00:50
387,rb2210,SHFE,0_0_      500885,      772933,空,开,5004.0,1,2022-04-08 22:00:52
388,rb2210,SHFE,0_0_      505825,      778891,多,平今,5005.0,4,2022-04-08 22:01:19
389,rb2210,SHFE,0_0_      506845,      780571,空,开,5005.0,2,2022-04-08 22:01:27
390,rb2210,SHFE,0_0_      513490,      788720,多,平今,5004.0,1,2022-04-08 22:02:19
391,rb2210,SHFE,0_0_      518561,      791369,多,开,5006.0,4,2022-04-08 22:02:36
392,rb2210,SHFE,0_0_      517852,      791388,多,平今,5005.0,2,2022-04-08 22:02:36
393,rb2210,SHFE,0_0_      518812,      791503,空,平今,5006.0,3,2022-04-08 22:02:37
394,rb2210,SHFE,0_0_      518931,      791817,空,平今,5006.000000000001,1,2022-04-08 22:02:39
395,rb2210,SHFE,0_0_      519890,      793285,空,开,5006.0,1,2022-04-08 22:02:48
396,rb2210,SHFE,0_0_      520603,      794187,多,开,5005.0,1,2022-04-08 22:03:00
397,rb2210,SHFE,0_0_      520603,      794195,多,开,5005.0,1,2022-04-08 22:03:00
398,rb2210,SHFE,0_0_      520603,      794203,多,开,5005.0,1,2022-04-08 22:03:00
399,rb2210,SHFE,0_0_      521890,      794622,空,开,5006.000000000001,4,2022-04-08 22:03:03
400,rb2210,SHFE,0_0_      525395,      801550,多,平今,5004.0,3,2022-04-08 22:04:08
401,rb2210,SHFE,0_0_      537250,      809605,多,平今,5005.0,1,2022-04-08 22:05:36
402,rb2210,SHFE,0_0_      540790,      810398,多,平今,5005.0,1,2022-04-08 22:05:43
403,rb2210,SHFE,0_0_      545431,      814088,空,平今,5006.0,3,2022-04-08 22:06:23
404,rb2210,SHFE,0_0_      549643,      820381,空,开,5012.0,2,2022-04-08 22:06:59
405,rb2210,SHFE,0_0_      571098,      844969,多,平今,5013.0,1,2022-04-08 22:10:06
406,rb2210,SHFE,0_0_      595080,      874689,空,开,5012.0,1,2022-04-08 22:13:01
407,rb2210,SHFE,0_0_      600983,      879576,空,开,5013.0,2,2022-04-08 22:13:39
408,rb2210,SHFE,0_0_      604463,      882525,多,平今,5016.0,4,2022-04-08 22:13:59
409,rb2210,SHFE,0_0_      612595,      891502,多,开,5014.0,3,2022-04-08 22:15:03
410,rb2210,SHFE,0_0_      596053,      904631,多,开,5011.0,3,2022-04-08 22:16:47
411,rb2210,SHFE,0_0_      626953,      906760,空,平今,5009.0,2,2022-04-08 22:17:06
412,rb2210,SHFE,0_0_      631379,      911489,空,平今,5005.0,2,2022-04-08 22:17:35
413,rb2210,SHFE,0_0_      636138,      916155,空,开,5000.0,1,2022-04-08 22:18:11
414,rb2210,SHFE,0_0_      636138,      916156,空,开,5000.0,3,2022-04-08 22:18:11
415,rb2210,SHFE,0_0_      635737,      922876,空,平今,5003.0,1,2022-04-08 22:19:03
416,rb2210,SHFE,0_0_      677435,      956430,空,开,4999.0,1,2022-04-08 22:24:05
417,rb2210,SHFE,0_0_      686612,      971669,多,开,5002.0,3,2022-04-08 22:25:32
418,rb2210,SHFE,0_0_      716620,     1003719,空,平今,5002.0,1,2022-04-08 22:30:19
419,rb2210,SHFE,0_0_      678265,     1025217,多,平今,4998.0,1,2022-04-08 22:33:07
420,rb2210,SHFE,0_0_      678265,     1025250,多,平今,4998.0,1,2022-04-08 22:33:07
421,rb2210,SHFE,0_0_      678265,     1025269,多,平今,4998.0,1,2022-04-08 22:33:07
422,rb2210,SHFE,0_0_      678265,     1025270,多,平今,4998.0,1,2022-04-08 22:33:07
423,rb2210,SHFE,0_0_      739430,     1026387,空,开,4997.0,3,2022-04-08 22:33:15
424,rb2210,SHFE,0_0_      739497,     1026545,空,平今,4997.0,1,2022-04-08 22:33:16
425,rb2210,SHFE,0_0_      738876,     1027774,空,平今,4999.0,2,2022-04-08 22:33:26
426,rb2210,SHFE,0_0_      744444,     1031910,多,平今,4997.0,1,2022-04-08 22:34:07
427,rb2210,SHFE,0_0_      750797,     1037582,多,平今,4996.0,1,2022-04-08 22:34:51
428,rb2210,SHFE,0_0_      751831,     1039324,空,开,4994.0,4,2022-04-08 22:35:01
429,rb2210,SHFE,0_0_      765978,     1051715,空,开,4992.0,2,2022-04-08 22:36:47
430,rb2210,SHFE,0_0_      767021,     1054131,多,平今,4991.0,1,2022-04-08 22:37:00
431,rb2210,SHFE,0_0_      767021,     1054132,多,平今,4991.0,1,2022-04-08 22:37:00
432,rb2210,SHFE,0_0_      767878,     1054338,空,开,4992.0,2,2022-04-08 22:37:02
433,rb2210,SHFE,0_0_      768033,     1054357,多,平今,4991.0,2,2022-04-08 22:37:02
434,rb2210,SHFE,0_0_      768035,     1054543,空,开,4992.0,2,2022-04-08 22:37:03
435,rb2210,SHFE,0_0_      768133,     1058479,多,平今,4991.0,3,2022-04-08 22:37:36
436,rb2210,SHFE,0_0_      771884,     1058507,空,开,4992.0,2,2022-04-08 22:37:36
437,rb2210,SHFE,0_0_      771884,     1058508,空,开,4992.0,1,2022-04-08 22:37:36
438,rb2210,SHFE,0_0_      775816,     1062612,多,平今,4995.0,3,2022-04-08 22:38:21
439,rb2210,SHFE,0_0_      777811,     1064311,空,开,4995.0,1,2022-04-08 22:38:45
440,rb2210,SHFE,0_0_      777811,     1064315,空,开,4995.0,1,2022-04-08 22:38:45
441,rb2210,SHFE,0_0_      781419,     1067271,多,平今,4995.0,2,2022-04-08 22:39:19
442,rb2210,SHFE,0_0_      781419,     1067402,多,平今,4995.0,1,2022-04-08 22:39:20
443,rb2210,SHFE,0_0_      783130,     1068461,空,开,4996.0,1,2022-04-08 22:39:31
444,rb2210,SHFE,0_0_      786527,     1073024,多,平今,4988.0,4,2022-04-08 22:40:08
445,rb2210,SHFE,0_0_      786537,     1073028,空,开,4989.0,1,2022-04-08 22:40:08
446,rb2210,SHFE,0_0_      786537,     1073029,空,开,4989.0,1,2022-04-08 22:40:08
447,rb2210,SHFE,0_0_      786538,     1073031,多,平今,4988.0,2,2022-04-08 22:40:08
448,rb2210,SHFE,0_0_      786539,     1075388,空,开,4989.0,1,2022-04-08 22:40:15
449,rb2210,SHFE,0_0_      786539,     1075447,空,开,4989.0,1,2022-04-08 22:40:15
450,rb2210,SHFE,0_0_      787403,     1075670,多,平今,4988.0,2,2022-04-08 22:40:16
451,rb2210,SHFE,0_0_      787466,     1075673,空,开,4989.0,2,2022-04-08 22:40:16
452,rb2210,SHFE,0_0_      787467,     1075776,多,平今,4988.0,2,2022-04-08 22:40:16
453,rb2210,SHFE,0_0_      787566,     1076433,空,开,4989.0,2,2022-04-08 22:40:21
454,rb2210,SHFE,0_0_      788158,     1076555,多,平今,4988.0,1,2022-04-08 22:40:21
455,rb2210,SHFE,0_0_      788158,     1076557,多,平今,4988.0,1,2022-04-08 22:40:21
456,rb2210,SHFE,0_0_      788612,     1076932,空,开,4989.0,1,2022-04-08 22:40:24
457,rb2210,SHFE,0_0_      793501,     1082812,多,开,4991.0,8,2022-04-08 22:41:12
458,rb2210,SHFE,0_0_      793829,     1083173,空,平今,4991.0,1,2022-04-08 22:41:14
459,rb2210,SHFE,0_0_      793829,     1083234,空,平今,4991.0,2,2022-04-08 22:41:15
460,rb2210,SHFE,0_0_      794294,     1083613,空,平今,4990.0,4,2022-04-08 22:41:19
461,rb2210,SHFE,0_0_      794703,     1083797,多,平今,4989.0,1,2022-04-08 22:41:21
462,rb2210,SHFE,0_0_      794718,     1084127,空,平今,4990.0,1,2022-04-08 22:41:26
463,rb2210,SHFE,0_0_      795181,     1084321,多,平今,4989.0,1,2022-04-08 22:41:30
464,rb2210,SHFE,0_0_      798414,     1087992,空,开,4985.0,1,2022-04-08 22:42:02
465,rb2210,SHFE,0_0_      798415,     1088084,多,平今,4984.0,1,2022-04-08 22:42:02
466,rb2210,SHFE,0_0_      798685,     1088455,多,开,4984.0,3,2022-04-08 22:42:04
467,rb2210,SHFE,0_0_      798685,     1088458,多,开,4984.0,1,2022-04-08 22:42:04
468,rb2210,SHFE,0_0_      798773,     1088666,空,平今,4985.0,4,2022-04-08 22:42:06
469,rb2210,SHFE,0_0_      799097,     1088745,多,开,4984.0,7,2022-04-08 22:42:06
470,rb2210,SHFE,0_0_      799158,     1088757,空,平今,4985.0,7,2022-04-08 22:42:07
471,rb2210,SHFE,0_0_      799181,     1088814,空,开,4985.000000000001,1,2022-04-08 22:42:07
472,rb2210,SHFE,0_0_      799184,     1088817,多,开,4984.0,2,2022-04-08 22:42:07
473,rb2210,SHFE,0_0_      799184,     1088851,多,开,4984.0,3,2022-04-08 22:42:07
474,rb2210,SHFE,0_0_      799184,     1088866,多,开,4984.0,2,2022-04-08 22:42:07
475,rb2210,SHFE,0_0_      799184,     1088884,多,开,4984.0,1,2022-04-08 22:42:07
476,rb2210,SHFE,0_0_      799238,     1088936,空,平今,4985.0,6,2022-04-08 22:42:08
477,rb2210,SHFE,0_0_      799279,     1088943,多,开,4984.0,6,2022-04-08 22:42:08
478,rb2210,SHFE,0_0_      799282,     1088950,空,平今,4985.0,1,2022-04-08 22:42:08
479,rb2210,SHFE,0_0_      799282,     1088951,空,平今,4985.0,1,2022-04-08 22:42:08
480,rb2210,SHFE,0_0_      799282,     1088955,空,平今,4985.0,1,2022-04-08 22:42:08
481,rb2210,SHFE,0_0_      799282,     1088982,空,平今,4985.0,1,2022-04-08 22:42:08
482,rb2210,SHFE,0_0_      799282,     1088983,空,平今,4985.0,1,2022-04-08 22:42:08
483,rb2210,SHFE,0_0_      799282,     1088984,空,平今,4985.0,1,2022-04-08 22:42:08
484,rb2210,SHFE,0_0_      799326,     1089159,多,开,4984.0,3,2022-04-08 22:42:11
485,rb2210,SHFE,0_0_      804268,     1095112,空,平今,4982.0,1,2022-04-08 22:43:26
486,rb2210,SHFE,0_0_      804268,     1095121,空,平今,4982.0,1,2022-04-08 22:43:26
487,rb2210,SHFE,0_0_      804268,     1095123,空,平今,4982.0,1,2022-04-08 22:43:26
488,rb2210,SHFE,0_0_      804313,     1095345,多,开,4981.0,2,2022-04-08 22:43:28
489,rb2210,SHFE,0_0_      804388,     1095365,空,平今,4982.0,2,2022-04-08 22:43:28
490,rb2210,SHFE,0_0_      804432,     1095450,多,开,4981.0,1,2022-04-08 22:43:28
491,rb2210,SHFE,0_0_      804432,     1095451,多,开,4981.0,1,2022-04-08 22:43:28
492,rb2210,SHFE,0_0_      804432,     1095452,多,开,4981.0,1,2022-04-08 22:43:28
493,rb2210,SHFE,0_0_      804452,     1097076,空,平今,4982.0,2,2022-04-08 22:43:37
494,rb2210,SHFE,0_0_      804452,     1097077,空,平今,4982.0,1,2022-04-08 22:43:37
495,rb2210,SHFE,0_0_      805075,     1097240,多,开,4981.0,3,2022-04-08 22:43:39
496,rb2210,SHFE,0_0_      805673,     1098088,空,平今,4980.0,1,2022-04-08 22:43:46
497,rb2210,SHFE,0_0_      805673,     1098095,空,平今,4980.0,3,2022-04-08 22:43:46
498,rb2210,SHFE,0_0_      806976,     1100193,空,开,4978.0,5,2022-04-08 22:44:01
499,rb2210,SHFE,0_0_      807269,     1100738,多,平今,4977.0,4,2022-04-08 22:44:03
500,rb2210,SHFE,0_0_      808632,     1103162,多,平今,4975.0,1,2022-04-08 22:44:08
501,rb2210,SHFE,0_0_      810750,     1105614,多,开,4977.0,1,2022-04-08 22:44:19
502,rb2210,SHFE,0_0_      810750,     1105615,多,开,4977.0,1,2022-04-08 22:44:19
503,rb2210,SHFE,0_0_      810750,     1105616,多,开,4977.0,1,2022-04-08 22:44:19
504,rb2210,SHFE,0_0_      810750,     1105617,多,开,4977.0,3,2022-04-08 22:44:19
505,rb2210,SHFE,0_0_      805243,     1111016,空,平今,4982.0,1,2022-04-08 22:45:04
506,rb2210,SHFE,0_0_      815331,     1111411,空,平今,4982.0,1,2022-04-08 22:45:06
507,rb2210,SHFE,0_0_      815104,     1113522,多,开,4981.000000000001,1,2022-04-08 22:45:17
508,rb2210,SHFE,0_0_      816791,     1115314,空,平今,4984.0,1,2022-04-08 22:45:31
509,rb2210,SHFE,0_0_      819596,     1115760,多,开,4983.0,1,2022-04-08 22:45:34
510,rb2210,SHFE,0_0_      819986,     1115808,空,平今,4984.0,1,2022-04-08 22:45:34
511,rb2210,SHFE,0_0_      828657,     1127865,空,平今,4987.0,1,2022-04-08 22:47:09
512,rb2210,SHFE,0_0_      830279,     1128205,多,开,4986.0,1,2022-04-08 22:47:12
513,rb2210,SHFE,0_0_      830279,     1128244,多,开,4986.0,1,2022-04-08 22:47:13
514,rb2210,SHFE,0_0_      819999,     1136809,多,开,4983.0,1,2022-04-08 22:48:14
515,rb2210,SHFE,0_0_      839049,     1136900,空,平今,4983.0,1,2022-04-08 22:48:15
516,rb2210,SHFE,0_0_      839417,     1137512,空,平今,4982.0,4,2022-04-08 22:48:19
517,rb2210,SHFE,0_0_      840149,     1138439,空,开,4981.0,1,2022-04-08 22:48:24
518,rb2210,SHFE,0_0_      844628,     1143665,多,平今,4977.0,1,2022-04-08 22:48:56
519,rb2210,SHFE,0_0_      851316,     1151520,多,开,4974.0,4,2022-04-08 22:49:52
520,rb2210,SHFE,0_0_      851360,     1151959,空,平今,4975.0,6,2022-04-08 22:49:55
521,rb2210,SHFE,0_0_      851770,     1152043,多,开,4974.0,2,2022-04-08 22:49:56
522,rb2210,SHFE,0_0_      851921,     1152159,空,平今,4974.0,2,2022-04-08 22:49:57
523,rb2210,SHFE,0_0_      852755,     1153418,多,开,4975.0,8,2022-04-08 22:50:03
524,rb2210,SHFE,0_0_      855476,     1156365,空,平今,4975.0,1,2022-04-08 22:50:22
525,rb2210,SHFE,0_0_      855833,     1156986,空,平今,4974.0,3,2022-04-08 22:50:26
526,rb2210,SHFE,0_0_      856227,     1157641,空,开,4972.0,4,2022-04-08 22:50:29
527,rb2210,SHFE,0_0_      865819,     1167986,多,开,4977.0,4,2022-04-08 22:51:56
528,rb2210,SHFE,0_0_      850111,     1171088,空,开,4980.0,1,2022-04-08 22:52:24
529,rb2210,SHFE,0_0_      869789,     1171104,多,平今,4979.0,1,2022-04-08 22:52:24
530,rb2210,SHFE,0_0_      871353,     1172564,空,平今,4978.0,4,2022-04-08 22:52:40
531,rb2210,SHFE,0_0_      871644,     1172680,空,平今,4978.0,1,2022-04-08 22:52:41
532,rb2210,SHFE,0_0_      872353,     1172976,多,开,4977.0,1,2022-04-08 22:52:44
533,rb2210,SHFE,0_0_      872353,     1172982,多,开,4977.0,4,2022-04-08 22:52:45
534,rb2210,SHFE,0_0_      873796,     1173828,空,平今,4977.0,4,2022-04-08 22:52:54
535,rb2210,SHFE,0_0_      873894,     1173857,多,开,4976.000000000001,4,2022-04-08 22:52:54
536,rb2210,SHFE,0_0_      873929,     1173881,空,平今,4977.0,4,2022-04-08 22:52:55
537,rb2210,SHFE,0_0_      873965,     1173966,多,开,4976.0,4,2022-04-08 22:52:56
538,rb2210,SHFE,0_0_      885190,     1190344,多,平今,4963.0,4,2022-04-08 22:54:06
539,rb2210,SHFE,0_0_      885247,     1190349,空,平今,4964.0,4,2022-04-08 22:54:06
540,rb2210,SHFE,0_0_      885248,     1191052,多,开,4963.0,4,2022-04-08 22:54:11
541,rb2210,SHFE,0_0_      885943,     1191125,空,平今,4964.0,4,2022-04-08 22:54:11
542,rb2210,SHFE,0_0_      886005,     1191509,多,开,4963.0,4,2022-04-08 22:54:13
543,rb2210,SHFE,0_0_      886223,     1191525,空,平今,4964.0,4,2022-04-08 22:54:13
544,rb2210,SHFE,0_0_      886226,     1191962,多,开,4963.0,4,2022-04-08 22:54:18
545,rb2210,SHFE,0_0_      887570,     1193012,空,平今,4965.0,4,2022-04-08 22:54:23
546,rb2210,SHFE,0_0_      887744,     1193046,多,开,4964.0,4,2022-04-08 22:54:23
547,rb2210,SHFE,0_0_      887787,     1193213,空,平今,4965.0,4,2022-04-08 22:54:25
548,rb2210,SHFE,0_0_      890215,     1196226,空,平今,4962.0,4,2022-04-08 22:54:43
549,rb2210,SHFE,0_0_      890526,     1197121,空,开,4960.0,7,2022-04-08 22:54:46
550,rb2210,SHFE,0_0_      891095,     1199340,多,平今,4960.0,8,2022-04-08 22:54:57
551,rb2210,SHFE,0_0_      891973,     1199452,空,开,4961.0,1,2022-04-08 22:54:58
552,rb2210,SHFE,0_0_      895531,     1206246,多,开,4965.0,3,2022-04-08 22:55:25
553,rb2210,SHFE,0_0_      896548,     1206306,空,平今,4966.0,1,2022-04-08 22:55:25
554,rb2210,SHFE,0_0_      896548,     1206311,空,平今,4966.0,1,2022-04-08 22:55:25
555,rb2210,SHFE,0_0_      896548,     1206312,空,平今,4966.0,1,2022-04-08 22:55:25
556,rb2210,SHFE,0_0_      898052,     1208905,多,开,4964.0,4,2022-04-08 22:55:39
557,rb2210,SHFE,0_0_      900148,     1211300,空,平今,4961.0,3,2022-04-08 22:55:56
558,rb2210,SHFE,0_0_      902200,     1215694,多,开,4961.0,4,2022-04-08 22:56:09
559,rb2210,SHFE,0_0_      902904,     1216765,多,开,4963.0,3,2022-04-08 22:56:16
560,rb2210,SHFE,0_0_      903394,     1217468,空,平今,4963.000000000001,3,2022-04-08 22:56:20
561,rb2210,SHFE,0_0_      903394,     1217471,空,平今,4963.000000000001,1,2022-04-08 22:56:20
562,rb2210,SHFE,0_0_      903483,     1217529,空,平今,4963.000000000001,3,2022-04-08 22:56:21
563,rb2210,SHFE,0_0_      907702,     1222879,空,开,4952.0,7,2022-04-08 22:56:49
564,rb2210,SHFE,0_0_      907991,     1224843,多,平今,4952.0,8,2022-04-08 22:56:51
565,rb2210,SHFE,0_0_      908202,     1225357,多,开,4952.0,4,2022-04-08 22:56:53
566,rb2210,SHFE,0_0_      909673,     1227513,空,开,4955.0,4,2022-04-08 22:57:04
567,rb2210,SHFE,0_0_      909673,     1227514,空,开,4955.0,1,2022-04-08 22:57:04
568,rb2210,SHFE,0_0_      909673,     1227515,空,开,4955.0,1,2022-04-08 22:57:04
569,rb2210,SHFE,0_0_      910221,     1228179,多,平今,4955.0,3,2022-04-08 22:57:07
570,rb2210,SHFE,0_0_      910268,     1228549,空,平今,4956.0,3,2022-04-08 22:57:08
571,rb2210,SHFE,0_0_      910454,     1228560,多,平今,4955.0,1,2022-04-08 22:57:08
572,rb2210,SHFE,0_0_      910454,     1228609,多,平今,4955.0,1,2022-04-08 22:57:08
573,rb2210,SHFE,0_0_      910454,     1228611,多,平今,4955.0,1,2022-04-08 22:57:08
574,rb2210,SHFE,0_0_      910531,     1229332,空,开,4956.0,2,2022-04-08 22:57:12
575,rb2210,SHFE,0_0_      912818,     1233282,多,平今,4958.0,1,2022-04-08 22:57:29
576,rb2210,SHFE,0_0_      912818,     1233287,多,平今,4958.0,1,2022-04-08 22:57:29
577,rb2210,SHFE,0_0_      913314,     1233562,空,平今,4959.0,2,2022-04-08 22:57:30
578,rb2210,SHFE,0_0_      913496,     1233633,多,开,4958.0,2,2022-04-08 22:57:31
579,rb2210,SHFE,0_0_      913722,     1233730,空,平今,4959.0,1,2022-04-08 22:57:31
580,rb2210,SHFE,0_0_      913749,     1234395,多,开,4958.0,1,2022-04-08 22:57:34
581,rb2210,SHFE,0_0_      914149,     1234581,空,平今,4959.0,1,2022-04-08 22:57:35
582,rb2210,SHFE,0_0_      918876,     1240383,多,开,4956.0,3,2022-04-08 22:58:11
583,rb2210,SHFE,0_0_      919116,     1240797,空,平今,4956.0,1,2022-04-08 22:58:15
584,rb2210,SHFE,0_0_      919116,     1240817,空,平今,4956.0,1,2022-04-08 22:58:15
585,rb2210,SHFE,0_0_      919116,     1240818,空,平今,4956.0,1,2022-04-08 22:58:15
586,rb2210,SHFE,0_0_      919614,     1241108,空,开,4956.0,2,2022-04-08 22:58:17
587,rb2210,SHFE,0_0_      921421,     1242693,空,开,4959.0,2,2022-04-08 22:58:26
588,rb2210,SHFE,0_0_     1214947,     1510839,多,开,4916.0,6,2022-04-11 09:00:37
589,rb2210,SHFE,0_0_     1214948,     1510885,空,平今,4917.0,3,2022-04-11 09:00:37
590,rb2210,SHFE,0_0_     1214948,     1510891,空,平今,4917.0,1,2022-04-11 09:00:37
591,rb2210,SHFE,0_0_     1214948,     1510901,空,平今,4917.0,1,2022-04-11 09:00:37
592,rb2210,SHFE,0_0_     1214948,     1510905,空,平今,4917.0,1,2022-04-11 09:00:37
593,rb2210,SHFE,0_0_     1215129,     1513865,多,开,4919.0,6,2022-04-11 09:00:42
594,rb2210,SHFE,0_0_     1215129,     1513866,多,开,4919.0,1,2022-04-11 09:00:42
595,rb2210,SHFE,0_0_     1215678,     1523162,多,平今,4918.0,1,2022-04-11 09:00:58
596,rb2210,SHFE,0_0_     1215747,     1524914,空,平今,4918.0,8,2022-04-11 09:01:01
597,rb2210,SHFE,0_0_     1215846,     1526637,多,开,4916.0,4,2022-04-11 09:01:03
598,rb2210,SHFE,0_0_     1215936,     1526674,空,平今,4917.0,4,2022-04-11 09:01:03
599,rb2210,SHFE,0_0_     1215997,     1527894,多,开,4917.0,4,2022-04-11 09:01:05
600,rb2210,SHFE,0_0_     1214394,     1532598,空,开,4923.0,4,2022-04-11 09:01:15
601,rb2210,SHFE,0_0_     1216259,     1532765,多,平今,4922.0,2,2022-04-11 09:01:15
602,rb2210,SHFE,0_0_     1216702,     1539923,空,平今,4922.0,3,2022-04-11 09:01:29
603,rb2210,SHFE,0_0_     1216702,     1539930,空,平今,4922.0,1,2022-04-11 09:01:29
604,rb2210,SHFE,0_0_     1216894,     1543813,多,平今,4922.0,2,2022-04-11 09:01:37
605,rb2210,SHFE,0_0_     1216941,     1544473,多,开,4924.0,8,2022-04-11 09:01:38
606,rb2210,SHFE,0_0_     1217002,     1545834,多,平今,4925.0,3,2022-04-11 09:01:41
607,rb2210,SHFE,0_0_     1217022,     1546248,空,平今,4926.0,2,2022-04-11 09:01:42
608,rb2210,SHFE,0_0_     1217022,     1546327,空,平今,4926.0,1,2022-04-11 09:01:42
609,rb2210,SHFE,0_0_     1217090,     1547430,空,开,4926.0,4,2022-04-11 09:01:45
610,rb2210,SHFE,0_0_     1217057,     1547635,空,平今,4927.0,2,2022-04-11 09:01:46
611,rb2210,SHFE,0_0_     1217146,     1548294,空,平今,4928.0,3,2022-04-11 09:01:47
612,rb2210,SHFE,0_0_     1217167,     1548339,多,平今,4927.0,3,2022-04-11 09:01:48
613,rb2210,SHFE,0_0_     1217175,     1548598,空,开,4928.0,4,2022-04-11 09:01:49
614,rb2210,SHFE,0_0_     1217196,     1548686,多,平今,4927.0,1,2022-04-11 09:01:49
615,rb2210,SHFE,0_0_     1217196,     1548688,多,平今,4927.0,1,2022-04-11 09:01:49
616,rb2210,SHFE,0_0_     1217196,     1548717,多,平今,4927.0,1,2022-04-11 09:01:49
617,rb2210,SHFE,0_0_     1217196,     1548718,多,平今,4927.0,1,2022-04-11 09:01:49
618,rb2210,SHFE,0_0_     1217196,     1548720,多,平今,4927.0,1,2022-04-11 09:01:49
619,rb2210,SHFE,0_0_     1217225,     1552664,多,开,4927.0,4,2022-04-11 09:01:59
620,rb2210,SHFE,0_0_     1217566,     1552700,空,平今,4928.0,4,2022-04-11 09:01:59
621,rb2210,SHFE,0_0_     1217594,     1554537,多,开,4927.0,2,2022-04-11 09:02:03
622,rb2210,SHFE,0_0_     1217594,     1554542,多,开,4927.0,1,2022-04-11 09:02:03
623,rb2210,SHFE,0_0_     1217594,     1554574,多,开,4927.0,1,2022-04-11 09:02:03
624,rb2210,SHFE,0_0_     1217594,     1554576,多,开,4927.0,1,2022-04-11 09:02:03
625,rb2210,SHFE,0_0_     1217594,     1554621,多,开,4927.0,1,2022-04-11 09:02:03
626,rb2210,SHFE,0_0_     1217594,     1554677,多,开,4927.0,2,2022-04-11 09:02:03
627,rb2210,SHFE,0_0_     1217914,     1557990,空,平今,4928.0,2,2022-04-11 09:02:12
628,rb2210,SHFE,0_0_     1217826,     1559382,空,平今,4929.0,2,2022-04-11 09:02:15
629,rb2210,SHFE,0_0_     1217992,     1559395,多,开,4928.0,1,2022-04-11 09:02:15
630,rb2210,SHFE,0_0_     1217992,     1559396,多,开,4928.0,1,2022-04-11 09:02:15
631,rb2210,SHFE,0_0_     1218178,     1562266,空,平今,4925.0,4,2022-04-11 09:02:23
632,rb2210,SHFE,0_0_     1218186,     1564026,多,开,4924.000000000001,4,2022-04-11 09:02:28
633,rb2210,SHFE,0_0_     1218327,     1567491,多,开,4924.0,1,2022-04-11 09:02:36
634,rb2210,SHFE,0_0_     1218559,     1567497,空,平今,4925.0,1,2022-04-11 09:02:36
635,rb2210,SHFE,0_0_     1218560,     1568620,多,开,4924.0,1,2022-04-11 09:02:39
636,rb2210,SHFE,0_0_     1218661,     1568625,空,平今,4925.0,1,2022-04-11 09:02:39
637,rb2210,SHFE,0_0_     1218662,     1569244,多,开,4924.0,1,2022-04-11 09:02:41
638,rb2210,SHFE,0_0_     1218787,     1569948,空,平今,4925.0,1,2022-04-11 09:02:43
639,rb2210,SHFE,0_0_     1218787,     1569949,空,平今,4925.0,1,2022-04-11 09:02:43
640,rb2210,SHFE,0_0_     1218889,     1570951,空,开,4926.0,7,2022-04-11 09:02:46
641,rb2210,SHFE,0_0_     1219368,     1575275,多,平今,4929.0,4,2022-04-11 09:02:58
642,rb2210,SHFE,0_0_     1218963,     1577114,多,平今,4926.0,1,2022-04-11 09:03:02
643,rb2210,SHFE,0_0_     1219900,     1578640,多,平今,4927.0,1,2022-04-11 09:03:05
644,rb2210,SHFE,0_0_     1219915,     1579525,空,平今,4928.0,1,2022-04-11 09:03:07
645,rb2210,SHFE,0_0_     1220041,     1580008,空,平今,4928.000000000001,3,2022-04-11 09:03:08
646,rb2210,SHFE,0_0_     1220146,     1580044,多,开,4927.0,4,2022-04-11 09:03:08
647,rb2210,SHFE,0_0_     1220149,     1580095,空,平今,4928.0,4,2022-04-11 09:03:08
648,rb2210,SHFE,0_0_     1220152,     1580196,多,开,4927.0,4,2022-04-11 09:03:09
649,rb2210,SHFE,0_0_     1220166,     1580418,空,平今,4928.0,4,2022-04-11 09:03:09
650,rb2210,SHFE,0_0_     1220193,     1580606,多,开,4927.0,4,2022-04-11 09:03:09
651,rb2210,SHFE,0_0_     1220215,     1581420,空,平今,4928.0,4,2022-04-11 09:03:10
652,rb2210,SHFE,0_0_     1220342,     1581487,多,开,4927.0,4,2022-04-11 09:03:10
653,rb2210,SHFE,0_0_     1218795,     1583483,多,开,4924.0,2,2022-04-11 09:03:15
654,rb2210,SHFE,0_0_     1220681,     1583949,空,平今,4924.0,2,2022-04-11 09:03:16
655,rb2210,SHFE,0_0_     1220686,     1585090,多,开,4923.0,2,2022-04-11 09:03:19
656,rb2210,SHFE,0_0_     1220985,     1586201,空,平今,4922.0,3,2022-04-11 09:03:22
657,rb2210,SHFE,0_0_     1221116,     1587339,空,开,4923.0,2,2022-04-11 09:03:25
658,rb2210,SHFE,0_0_     1222068,     1591860,多,开,4922.0,4,2022-04-11 09:03:35
659,rb2210,SHFE,0_0_     1222552,     1594574,空,平今,4921.0,1,2022-04-11 09:03:41
660,rb2210,SHFE,0_0_     1224544,     1609629,空,平今,4913.0,1,2022-04-11 09:04:11
661,rb2210,SHFE,0_0_     1223767,     1614729,空,平今,4917.0,3,2022-04-11 09:04:20
662,rb2210,SHFE,0_0_     1225270,     1614887,多,平今,4916.0,3,2022-04-11 09:04:20
663,rb2210,SHFE,0_0_     1226443,     1619352,空,开,4916.0,4,2022-04-11 09:04:34
664,rb2210,SHFE,0_0_     1232244,     1634242,多,平今,4908.0,3,2022-04-11 09:05:06
665,rb2210,SHFE,0_0_     1232476,     1635044,空,平今,4908.0,1,2022-04-11 09:05:07
666,rb2210,SHFE,0_0_     1232476,     1635055,空,平今,4908.0,1,2022-04-11 09:05:07
667,rb2210,SHFE,0_0_     1232509,     1635232,多,平今,4907.0,1,2022-04-11 09:05:07
668,rb2210,SHFE,0_0_     1232572,     1635493,空,平今,4908.0,1,2022-04-11 09:05:08
669,rb2210,SHFE,0_0_     1232650,     1635571,多,开,4907.0,1,2022-04-11 09:05:08
670,rb2210,SHFE,0_0_     1232653,     1635660,空,平今,4908.0,1,2022-04-11 09:05:08
671,rb2210,SHFE,0_0_     1232811,     1636725,空,开,4908.0,4,2022-04-11 09:05:10
672,rb2210,SHFE,0_0_     1234999,     1643171,多,平今,4906.0,1,2022-04-11 09:05:21
673,rb2210,SHFE,0_0_     1234999,     1643184,多,平今,4906.0,3,2022-04-11 09:05:21
674,rb2210,SHFE,0_0_     1235144,     1643393,空,开,4907.0,5,2022-04-11 09:05:21
675,rb2210,SHFE,0_0_     1235144,     1643394,空,开,4907.0,1,2022-04-11 09:05:21
676,rb2210,SHFE,0_0_     1235239,     1643537,多,开,4907.0,1,2022-04-11 09:05:22
677,rb2210,SHFE,0_0_     1235239,     1643538,多,开,4907.0,1,2022-04-11 09:05:22
678,rb2210,SHFE,0_0_     1235239,     1643540,多,开,4907.0,3,2022-04-11 09:05:22
679,rb2210,SHFE,0_0_     1235239,     1643545,多,开,4907.0,1,2022-04-11 09:05:22
680,rb2210,SHFE,0_0_     1235239,     1643577,多,开,4907.0,2,2022-04-11 09:05:22
681,rb2210,SHFE,0_0_     1235214,     1644070,多,平今,4906.0,6,2022-04-11 09:05:23
682,rb2210,SHFE,0_0_     1238182,     1654572,空,平今,4907.0,3,2022-04-11 09:05:44
683,rb2210,SHFE,0_0_     1238210,     1661541,多,开,4906.0,3,2022-04-11 09:06:01
684,rb2210,SHFE,0_0_     1242671,     1669038,空,平今,4905.0,2,2022-04-11 09:06:11
685,rb2210,SHFE,0_0_     1240675,     1670218,空,开,4907.0,8,2022-04-11 09:06:14
686,rb2210,SHFE,0_0_     1243265,     1670434,空,平今,4906.0,1,2022-04-11 09:06:14
687,rb2210,SHFE,0_0_     1244736,     1674488,多,平今,4908.0,4,2022-04-11 09:06:24
688,rb2210,SHFE,0_0_     1245006,     1675335,多,平今,4908.0,1,2022-04-11 09:06:26
689,rb2210,SHFE,0_0_     1243266,     1676244,多,平今,4905.0,1,2022-04-11 09:06:28
690,rb2210,SHFE,0_0_     1245240,     1676384,空,平今,4906.0,1,2022-04-11 09:06:28
691,rb2210,SHFE,0_0_     1245898,     1677932,空,平今,4905.0,4,2022-04-11 09:06:32
692,rb2210,SHFE,0_0_     1246849,     1680380,多,开,4906.0,4,2022-04-11 09:06:39
693,rb2210,SHFE,0_0_     1246971,     1680766,多,开,4906.0,4,2022-04-11 09:06:40
694,rb2210,SHFE,0_0_     1249012,     1687618,空,平今,4903.0,1,2022-04-11 09:06:57
695,rb2210,SHFE,0_0_     1249012,     1687623,空,平今,4903.0,1,2022-04-11 09:06:57
696,rb2210,SHFE,0_0_     1249012,     1687642,空,平今,4903.0,2,2022-04-11 09:06:58
697,rb2210,SHFE,0_0_     1247613,     1697989,空,平今,4906.000000000001,4,2022-04-11 09:07:19
698,rb2210,SHFE,0_0_     1252697,     1698177,多,开,4905.0,4,2022-04-11 09:07:19
699,rb2210,SHFE,0_0_     1252811,     1698280,空,平今,4906.0,4,2022-04-11 09:07:19
700,rb2210,SHFE,0_0_     1252824,     1714509,多,开,4905.0,4,2022-04-11 09:08:08
701,rb2210,SHFE,0_0_     1261610,     1716542,空,开,4904.0,1,2022-04-11 09:08:15
702,rb2210,SHFE,0_0_     1262145,     1716559,多,平今,4903.0,1,2022-04-11 09:08:15
703,rb2210,SHFE,0_0_     1262146,     1717030,空,开,4904.0,1,2022-04-11 09:08:17
704,rb2210,SHFE,0_0_     1261014,     1717714,空,平今,4906.0,4,2022-04-11 09:08:19
705,rb2210,SHFE,0_0_     1262642,     1717961,多,开,4905.0,4,2022-04-11 09:08:19
706,rb2210,SHFE,0_0_     1262429,     1718016,多,平今,4903.0,1,2022-04-11 09:08:19
707,rb2210,SHFE,0_0_     1262742,     1718078,空,开,4904.0,1,2022-04-11 09:08:20
708,rb2210,SHFE,0_0_     1263292,     1718959,多,平今,4905.0,1,2022-04-11 09:08:22
709,rb2210,SHFE,0_0_     1262741,     1719038,空,平今,4906.0,2,2022-04-11 09:08:23
710,rb2210,SHFE,0_0_     1262741,     1719049,空,平今,4906.0,1,2022-04-11 09:08:23
711,rb2210,SHFE,0_0_     1262741,     1719237,空,平今,4906.0,1,2022-04-11 09:08:23
712,rb2210,SHFE,0_0_     1263623,     1719276,多,平今,4905.0,1,2022-04-11 09:08:24
713,rb2210,SHFE,0_0_     1263650,     1719701,空,开,4906.0,1,2022-04-11 09:08:26
714,rb2210,SHFE,0_0_     1263954,     1719860,多,平今,4905.0,1,2022-04-11 09:08:26
715,rb2210,SHFE,0_0_     1264089,     1720012,空,开,4906.0,1,2022-04-11 09:08:27
716,rb2210,SHFE,0_0_     1264596,     1725353,多,开,4907.0,2,2022-04-11 09:08:44
717,rb2210,SHFE,0_0_     1264448,     1727795,多,平今,4906.0,2,2022-04-11 09:08:57
718,rb2210,SHFE,0_0_     1263725,     1729187,多,开,4904.0,2,2022-04-11 09:09:00
719,rb2210,SHFE,0_0_     1262755,     1729254,多,开,4903.0,4,2022-04-11 09:09:00
720,rb2210,SHFE,0_0_     1269335,     1729470,空,平今,4905.0,4,2022-04-11 09:09:01
721,rb2210,SHFE,0_0_     1269407,     1729999,空,平今,4905.0,2,2022-04-11 09:09:02
722,rb2210,SHFE,0_0_     1269407,     1730001,空,平今,4905.0,2,2022-04-11 09:09:02
723,rb2210,SHFE,0_0_     1271643,     1734690,多,开,4905.0,3,2022-04-11 09:09:16
724,rb2210,SHFE,0_0_     1272382,     1736691,多,开,4906.0,4,2022-04-11 09:09:24
725,rb2210,SHFE,0_0_     1273378,     1737985,空,平今,4907.0,3,2022-04-11 09:09:29
726,rb2210,SHFE,0_0_     1273613,     1738094,空,开,4907.0,5,2022-04-11 09:09:30
727,rb2210,SHFE,0_0_     1273613,     1738159,空,开,4907.0,2,2022-04-11 09:09:30
728,rb2210,SHFE,0_0_     1273654,     1738162,多,平今,4906.000000000001,1,2022-04-11 09:09:30
729,rb2210,SHFE,0_0_     1273654,     1738174,多,平今,4906.0,4,2022-04-11 09:09:30
730,rb2210,SHFE,0_0_     1273654,     1738176,多,平今,4906.0,2,2022-04-11 09:09:30
731,rb2210,SHFE,0_0_     1273802,     1738999,空,平今,4906.0,4,2022-04-11 09:09:32
732,rb2210,SHFE,0_0_     1274421,     1739777,空,开,4906.0,3,2022-04-11 09:09:36
733,rb2210,SHFE,0_0_     1274421,     1739802,空,开,4906.0,2,2022-04-11 09:09:36
734,rb2210,SHFE,0_0_     1276251,     1743716,多,平今,4906.0,4,2022-04-11 09:09:51
735,rb2210,SHFE,0_0_     1274584,     1745164,多,开,4904.0,1,2022-04-11 09:09:56
736,rb2210,SHFE,0_0_     1274584,     1745228,多,开,4904.0,2,2022-04-11 09:09:57
737,rb2210,SHFE,0_0_     1274584,     1745305,多,开,4904.0,1,2022-04-11 09:09:57
738,rb2210,SHFE,0_0_     1274584,     1745510,多,开,4904.0,1,2022-04-11 09:09:58
739,rb2210,SHFE,0_0_     1274584,     1745556,多,开,4904.0,2,2022-04-11 09:09:58
740,rb2210,SHFE,0_0_     1279421,     1750682,多,平今,4907.0,1,2022-04-11 09:10:10
741,rb2210,SHFE,0_0_     1285922,     1761813,空,平今,4908.0,1,2022-04-11 09:10:48
742,rb2210,SHFE,0_0_     1285922,     1761814,空,平今,4908.0,1,2022-04-11 09:10:48
743,rb2210,SHFE,0_0_     1285922,     1761815,空,平今,4908.0,1,2022-04-11 09:10:48
744,rb2210,SHFE,0_0_     1286356,     1762540,多,开,4908.0,1,2022-04-11 09:10:51
745,rb2210,SHFE,0_0_     1286658,     1762935,空,平今,4908.0,2,2022-04-11 09:10:53
746,rb2210,SHFE,0_0_     1286658,     1762936,空,平今,4908.0,1,2022-04-11 09:10:53
747,rb2210,SHFE,0_0_     1286902,     1763223,空,平今,4908.0,1,2022-04-11 09:10:54
748,rb2210,SHFE,0_0_     1286986,     1763261,空,开,4908.0,1,2022-04-11 09:10:55
749,rb2210,SHFE,0_0_     1286986,     1763262,空,开,4908.0,1,2022-04-11 09:10:55
750,rb2210,SHFE,0_0_     1286986,     1763263,空,开,4908.0,1,2022-04-11 09:10:55
751,rb2210,SHFE,0_0_     1287557,     1764792,空,平今,4907.0,1,2022-04-11 09:11:00
752,rb2210,SHFE,0_0_     1287801,     1764849,多,平今,4906.0,1,2022-04-11 09:11:00
753,rb2210,SHFE,0_0_     1287811,     1767780,空,开,4907.0,2,2022-04-11 09:11:09
754,rb2210,SHFE,0_0_     1292503,     1773721,多,开,4908.0,5,2022-04-11 09:11:28
755,rb2210,SHFE,0_0_     1293816,     1777191,空,平今,4909.0,3,2022-04-11 09:11:38
756,rb2210,SHFE,0_0_     1294275,     1777510,多,开,4908.0,4,2022-04-11 09:11:39
757,rb2210,SHFE,0_0_     1295188,     1779265,多,平今,4908.0,1,2022-04-11 09:11:45
758,rb2210,SHFE,0_0_     1295228,     1780306,空,平今,4909.0,1,2022-04-11 09:11:48
759,rb2210,SHFE,0_0_     1296300,     1780752,多,开,4909.0,3,2022-04-11 09:11:49
760,rb2210,SHFE,0_0_     1297276,     1782546,空,平今,4910.0,3,2022-04-11 09:11:56
761,rb2210,SHFE,0_0_     1297336,     1782792,空,平今,4910.000000000001,1,2022-04-11 09:11:56
762,rb2210,SHFE,0_0_     1297657,     1783571,空,平今,4910.0,1,2022-04-11 09:11:59
763,rb2210,SHFE,0_0_     1289448,     1785486,多,平今,4906.0,2,2022-04-11 09:12:02
764,rb2210,SHFE,0_0_     1300142,     1790000,多,平今,4903.0,1,2022-04-11 09:12:09
765,rb2210,SHFE,0_0_     1301215,     1792303,多,开,4904.0,2,2022-04-11 09:12:14
766,rb2210,SHFE,0_0_     1301215,     1792338,多,开,4904.0,1,2022-04-11 09:12:14
767,rb2210,SHFE,0_0_     1301463,     1792893,多,开,4904.0,2,2022-04-11 09:12:15
768,rb2210,SHFE,0_0_     1301894,     1794180,空,平今,4905.0,1,2022-04-11 09:12:19
769,rb2210,SHFE,0_0_     1301894,     1794218,空,平今,4905.0,2,2022-04-11 09:12:19
770,rb2210,SHFE,0_0_     1301894,     1794219,空,平今,4905.0,1,2022-04-11 09:12:19
771,rb2210,SHFE,0_0_     1302582,     1797067,空,平今,4906.0,1,2022-04-11 09:12:29
772,rb2210,SHFE,0_0_     1306017,     1800906,空,开,4904.0,2,2022-04-11 09:12:43
773,rb2210,SHFE,0_0_     1308013,     1803773,空,平今,4899.0,2,2022-04-11 09:12:50
774,rb2210,SHFE,0_0_     1308724,     1804969,空,开,4897.0,1,2022-04-11 09:12:53
775,rb2210,SHFE,0_0_     1309501,     1806847,多,平今,4896.0,2,2022-04-11 09:12:58
776,rb2210,SHFE,0_0_     1309785,     1807532,多,开,4896.0,4,2022-04-11 09:13:00
777,rb2210,SHFE,0_0_     1310295,     1808533,多,开,4896.0,2,2022-04-11 09:13:02
778,rb2210,SHFE,0_0_     1310439,     1809263,空,平今,4897.0,7,2022-04-11 09:13:04
779,rb2210,SHFE,0_0_     1310860,     1810064,多,开,4896.0,3,2022-04-11 09:13:07
780,rb2210,SHFE,0_0_     1310860,     1810089,多,开,4896.0,1,2022-04-11 09:13:07
781,rb2210,SHFE,0_0_     1311584,     1810584,空,平今,4898.0,4,2022-04-11 09:13:09
782,rb2210,SHFE,0_0_     1311859,     1811137,多,开,4897.0,3,2022-04-11 09:13:11
783,rb2210,SHFE,0_0_     1311859,     1811138,多,开,4897.0,1,2022-04-11 09:13:11
784,rb2210,SHFE,0_0_     1312339,     1811220,空,平今,4898.0,4,2022-04-11 09:13:11
785,rb2210,SHFE,0_0_     1312351,     1811927,多,开,4897.0,4,2022-04-11 09:13:15
786,rb2210,SHFE,0_0_     1313029,     1812340,空,开,4898.0,5,2022-04-11 09:13:17
787,rb2210,SHFE,0_0_     1313295,     1812714,多,平今,4897.0,6,2022-04-11 09:13:19
788,rb2210,SHFE,0_0_     1313502,     1812871,空,开,4898.0,6,2022-04-11 09:13:20
789,rb2210,SHFE,0_0_     1313624,     1813477,多,平今,4897.0,6,2022-04-11 09:13:22
790,rb2210,SHFE,0_0_     1314088,     1813501,空,开,4898.0,6,2022-04-11 09:13:22
791,rb2210,SHFE,0_0_     1314089,     1813560,多,平今,4897.0,6,2022-04-11 09:13:23
792,rb2210,SHFE,0_0_     1314871,     1815068,空,平今,4898.0,1,2022-04-11 09:13:28
793,rb2210,SHFE,0_0_     1314871,     1815070,空,平今,4898.0,1,2022-04-11 09:13:28
794,rb2210,SHFE,0_0_     1314871,     1815083,空,平今,4898.0,1,2022-04-11 09:13:28
795,rb2210,SHFE,0_0_     1315088,     1815187,多,开,4897.0,3,2022-04-11 09:13:28
796,rb2210,SHFE,0_0_     1315112,     1815820,空,平今,4898.0,3,2022-04-11 09:13:31
797,rb2210,SHFE,0_0_     1315635,     1816036,多,开,4898.0,2,2022-04-11 09:13:32
798,rb2210,SHFE,0_0_     1316333,     1817188,空,开,4896.0,5,2022-04-11 09:13:36
799,rb2210,SHFE,0_0_     1316672,     1817721,多,平今,4895.0,1,2022-04-11 09:13:38
800,rb2210,SHFE,0_0_     1322789,     1828062,空,平今,4895.0,1,2022-04-11 09:14:12
801,rb2210,SHFE,0_0_     1323933,     1829754,空,开,4892.0,1,2022-04-11 09:14:16
802,rb2210,SHFE,0_0_     1323933,     1829771,空,开,4892.0,1,2022-04-11 09:14:16
803,rb2210,SHFE,0_0_     1324364,     1830327,多,平今,4891.0,3,2022-04-11 09:14:18
804,rb2210,SHFE,0_0_     1324372,     1830378,空,开,4892.0,1,2022-04-11 09:14:18
805,rb2210,SHFE,0_0_     1324372,     1830382,空,开,4892.0,1,2022-04-11 09:14:18
806,rb2210,SHFE,0_0_     1324372,     1830384,空,开,4892.0,1,2022-04-11 09:14:18
807,rb2210,SHFE,0_0_     1324677,     1830955,空,开,4891.0,1,2022-04-11 09:14:20
808,rb2210,SHFE,0_0_     1324677,     1830962,空,开,4891.0,1,2022-04-11 09:14:20
809,rb2210,SHFE,0_0_     1325567,     1833434,多,平今,4892.0,7,2022-04-11 09:14:25
810,rb2210,SHFE,0_0_     1325673,     1833551,空,开,4893.0,2,2022-04-11 09:14:25
811,rb2210,SHFE,0_0_     1325673,     1833552,空,开,4893.0,1,2022-04-11 09:14:25
812,rb2210,SHFE,0_0_     1325673,     1833553,空,开,4893.0,2,2022-04-11 09:14:25
813,rb2210,SHFE,0_0_     1325673,     1833562,空,开,4893.0,2,2022-04-11 09:14:25
814,rb2210,SHFE,0_0_     1323043,     1833785,空,平今,4894.0,1,2022-04-11 09:14:25
815,rb2210,SHFE,0_0_     1327550,     1836076,多,平今,4894.0,8,2022-04-11 09:14:33
816,rb2210,SHFE,0_0_     1328096,     1837017,空,开,4894.0,1,2022-04-11 09:14:37
817,rb2210,SHFE,0_0_     1328096,     1837036,空,开,4894.0,1,2022-04-11 09:14:37
818,rb2210,SHFE,0_0_     1328096,     1837039,空,开,4894.0,1,2022-04-11 09:14:37
819,rb2210,SHFE,0_0_     1328096,     1837056,空,开,4894.0,1,2022-04-11 09:14:38
820,rb2210,SHFE,0_0_     1329191,     1837867,多,开,4895.0,1,2022-04-11 09:14:41
821,rb2210,SHFE,0_0_     1329191,     1837878,多,开,4895.0,6,2022-04-11 09:14:41
822,rb2210,SHFE,0_0_     1335393,     1852486,空,平今,4894.0,3,2022-04-11 09:15:11
823,rb2210,SHFE,0_0_     1335393,     1852492,空,平今,4894.0,1,2022-04-11 09:15:11
824,rb2210,SHFE,0_0_     1335393,     1852588,空,平今,4894.0,4,2022-04-11 09:15:11
825,rb2210,SHFE,0_0_     1344133,     1864164,空,开,4889.0,3,2022-04-11 09:15:53
826,rb2210,SHFE,0_0_     1347906,     1870327,多,开,4891.0,2,2022-04-11 09:16:14
827,rb2210,SHFE,0_0_     1348510,     1871851,空,平今,4892.000000000001,1,2022-04-11 09:16:21
828,rb2210,SHFE,0_0_     1349524,     1872047,多,开,4891.0,1,2022-04-11 09:16:21
829,rb2210,SHFE,0_0_     1349524,     1872054,多,开,4891.0,1,2022-04-11 09:16:21
830,rb2210,SHFE,0_0_     1349524,     1872065,多,开,4891.0,4,2022-04-11 09:16:21
831,rb2210,SHFE,0_0_     1352363,     1875071,空,平今,4894.0,1,2022-04-11 09:16:36
832,rb2210,SHFE,0_0_     1353136,     1878018,多,开,4894.0,1,2022-04-11 09:16:52
833,rb2210,SHFE,0_0_     1355189,     1878089,空,平今,4895.0,1,2022-04-11 09:16:52
834,rb2210,SHFE,0_0_     1355351,     1879124,空,平今,4894.0,3,2022-04-11 09:16:56
835,rb2210,SHFE,0_0_     1355351,     1879127,空,平今,4894.0,1,2022-04-11 09:16:56
836,rb2210,SHFE,0_0_     1357770,     1882218,多,开,4895.0,1,2022-04-11 09:17:09
837,rb2210,SHFE,0_0_     1357770,     1882258,多,开,4895.0,1,2022-04-11 09:17:09
838,rb2210,SHFE,0_0_     1357770,     1882283,多,开,4895.0,1,2022-04-11 09:17:09
839,rb2210,SHFE,0_0_     1357600,     1884166,多,开,4894.0,3,2022-04-11 09:17:15
840,rb2210,SHFE,0_0_     1368450,     1894203,空,平今,4893.0,3,2022-04-11 09:18:06
841,rb2210,SHFE,0_0_     1369316,     1895567,多,开,4894.0,2,2022-04-11 09:18:11
842,rb2210,SHFE,0_0_     1369606,     1895609,空,平今,4895.0,2,2022-04-11 09:18:12
843,rb2210,SHFE,0_0_     1373495,     1901738,空,平今,4901.0,1,2022-04-11 09:18:32
844,rb2210,SHFE,0_0_     1373648,     1901766,多,平今,4900.0,1,2022-04-11 09:18:33
845,rb2210,SHFE,0_0_     1373758,     1901976,空,平今,4901.0,1,2022-04-11 09:18:34
846,rb2210,SHFE,0_0_     1373918,     1902011,多,平今,4900.0,1,2022-04-11 09:18:34
847,rb2210,SHFE,0_0_     1373941,     1902238,空,平今,4901.0,1,2022-04-11 09:18:35
848,rb2210,SHFE,0_0_     1374056,     1902703,多,平今,4900.0,1,2022-04-11 09:18:37
849,rb2210,SHFE,0_0_     1374292,     1902720,空,平今,4901.0,1,2022-04-11 09:18:37
850,rb2210,SHFE,0_0_     1376227,     1905824,多,平今,4903.0,1,2022-04-11 09:18:49
851,rb2210,SHFE,0_0_     1376228,     1906098,空,平今,4904.0,1,2022-04-11 09:18:50
852,rb2210,SHFE,0_0_     1376426,     1906530,空,开,4904.0,2,2022-04-11 09:18:51
853,rb2210,SHFE,0_0_     1376502,     1906540,多,平今,4903.0,2,2022-04-11 09:18:51
854,rb2210,SHFE,0_0_     1376503,     1906778,空,开,4904.0,3,2022-04-11 09:18:52
855,rb2210,SHFE,0_0_     1376720,     1907059,多,平今,4903.0,4,2022-04-11 09:18:53
856,rb2210,SHFE,0_0_     1376720,     1907067,多,平今,4903.0,1,2022-04-11 09:18:53
857,rb2210,SHFE,0_0_     1377220,     1907796,空,开,4904.0,1,2022-04-11 09:18:55
858,rb2210,SHFE,0_0_     1377220,     1907811,空,开,4904.0,2,2022-04-11 09:18:55
859,rb2210,SHFE,0_0_     1377220,     1907817,空,开,4904.0,2,2022-04-11 09:18:55
860,rb2210,SHFE,0_0_     1377220,     1907835,空,开,4904.0,1,2022-04-11 09:18:55
861,rb2210,SHFE,0_0_     1377220,     1907880,空,开,4904.0,1,2022-04-11 09:18:56
862,rb2210,SHFE,0_0_     1377499,     1908169,多,平今,4903.0,3,2022-04-11 09:18:57
863,rb2210,SHFE,0_0_     1377822,     1908683,多,平今,4904.0,1,2022-04-11 09:18:59
864,rb2210,SHFE,0_0_     1377897,     1909003,空,开,4905.0,4,2022-04-11 09:19:00
865,rb2210,SHFE,0_0_     1379737,     1912912,多,平今,4905.0,3,2022-04-11 09:19:11
866,rb2210,SHFE,0_0_     1380921,     1916182,空,开,4906.0,1,2022-04-11 09:19:20
867,rb2210,SHFE,0_0_     1380921,     1916189,空,开,4906.0,1,2022-04-11 09:19:20
868,rb2210,SHFE,0_0_     1379412,     1916745,多,平今,4904.0,1,2022-04-11 09:19:21
869,rb2210,SHFE,0_0_     1381266,     1917322,空,开,4905.0,1,2022-04-11 09:19:23
870,rb2210,SHFE,0_0_     1381384,     1918356,多,平今,4904.0,3,2022-04-11 09:19:29
871,rb2210,SHFE,0_0_     1381384,     1918437,多,平今,4904.0,1,2022-04-11 09:19:29
872,rb2210,SHFE,0_0_     1382449,     1918736,空,开,4905.0,1,2022-04-11 09:19:30
873,rb2210,SHFE,0_0_     1382511,     1919238,多,平今,4904.0,1,2022-04-11 09:19:31
874,rb2210,SHFE,0_0_     1382807,     1919515,空,开,4905.0,4,2022-04-11 09:19:32
875,rb2210,SHFE,0_0_     1382887,     1919826,多,平今,4904.0,3,2022-04-11 09:19:34
876,rb2210,SHFE,0_0_     1382887,     1919829,多,平今,4904.0,2,2022-04-11 09:19:34
877,rb2210,SHFE,0_0_     1383161,     1919908,空,开,4905.0,5,2022-04-11 09:19:34
878,rb2210,SHFE,0_0_     1383290,     1920658,多,平今,4904.0,5,2022-04-11 09:19:37
879,rb2210,SHFE,0_0_     1383807,     1920764,空,开,4905.0,5,2022-04-11 09:19:38
880,rb2210,SHFE,0_0_     1383821,     1921000,多,平今,4904.0,5,2022-04-11 09:19:39
881,rb2210,SHFE,0_0_     1384008,     1921128,空,开,4905.0,5,2022-04-11 09:19:39
882,rb2210,SHFE,0_0_     1385202,     1923121,多,开,4905.0,3,2022-04-11 09:19:49
883,rb2210,SHFE,0_0_     1384090,     1923126,多,平今,4904.0,6,2022-04-11 09:19:49
884,rb2210,SHFE,0_0_     1385233,     1923131,空,开,4905.0,1,2022-04-11 09:19:49
885,rb2210,SHFE,0_0_     1385233,     1923137,空,开,4905.0,1,2022-04-11 09:19:49
886,rb2210,SHFE,0_0_     1385233,     1923138,空,开,4905.0,1,2022-04-11 09:19:49
887,rb2210,SHFE,0_0_     1386382,     1924563,多,平今,4904.0,1,2022-04-11 09:19:55
888,rb2210,SHFE,0_0_     1386382,     1924572,多,平今,4904.0,1,2022-04-11 09:19:55
889,rb2210,SHFE,0_0_     1386382,     1924588,多,平今,4904.0,1,2022-04-11 09:19:55
890,rb2210,SHFE,0_0_     1386425,     1924675,空,平今,4905.0,3,2022-04-11 09:19:56
891,rb2210,SHFE,0_0_     1386472,     1924783,多,开,4904.0,1,2022-04-11 09:19:56
892,rb2210,SHFE,0_0_     1386472,     1924789,多,开,4904.0,1,2022-04-11 09:19:56
893,rb2210,SHFE,0_0_     1386472,     1924790,多,开,4904.0,1,2022-04-11 09:19:56
894,rb2210,SHFE,0_0_     1386861,     1925523,多,开,4906.0,2,2022-04-11 09:20:00
895,rb2210,SHFE,0_0_     1386861,     1925525,多,开,4906.0,1,2022-04-11 09:20:00
896,rb2210,SHFE,0_0_     1386861,     1925526,多,开,4906.0,1,2022-04-11 09:20:00
897,rb2210,SHFE,0_0_     1386934,     1926016,空,平今,4907.0,4,2022-04-11 09:20:01
898,rb2210,SHFE,0_0_     1387040,     1926210,多,开,4906.0,4,2022-04-11 09:20:01
899,rb2210,SHFE,0_0_     1387208,     1926255,空,平今,4907.0,4,2022-04-11 09:20:02
900,rb2210,SHFE,0_0_     1388738,     1929581,多,平今,4909.0,1,2022-04-11 09:20:11
901,rb2210,SHFE,0_0_     1394729,     1939124,空,平今,4913.0,1,2022-04-11 09:20:45
902,rb2210,SHFE,0_0_     1394884,     1939371,空,平今,4913.0,1,2022-04-11 09:20:47
903,rb2210,SHFE,0_0_     1395117,     1939435,多,开,4912.0,1,2022-04-11 09:20:47
904,rb2210,SHFE,0_0_     1396676,     1941356,空,开,4911.0,2,2022-04-11 09:20:57
905,rb2210,SHFE,0_0_     1396840,     1941682,空,开,4911.0,2,2022-04-11 09:20:59
906,rb2210,SHFE,0_0_     1398711,     1944828,空,平今,4911.0,1,2022-04-11 09:21:12
907,rb2210,SHFE,0_0_     1399309,     1948267,多,平今,4910.0,1,2022-04-11 09:21:25
908,rb2210,SHFE,0_0_     1400570,     1951240,空,开,4911.0,5,2022-04-11 09:21:35
909,rb2210,SHFE,0_0_     1403179,     1954061,多,平今,4911.0,4,2022-04-11 09:21:46
910,rb2210,SHFE,0_0_     1403474,     1954277,多,开,4911.0,3,2022-04-11 09:21:47
911,rb2210,SHFE,0_0_     1402182,     1954295,多,平今,4910.0,3,2022-04-11 09:21:47
912,rb2210,SHFE,0_0_     1402182,     1954545,多,平今,4910.0,1,2022-04-11 09:21:48
913,rb2210,SHFE,0_0_     1403708,     1954625,空,平今,4911.0,1,2022-04-11 09:21:48
914,rb2210,SHFE,0_0_     1403825,     1954976,空,开,4912.0,1,2022-04-11 09:21:50
915,rb2210,SHFE,0_0_     1403825,     1955015,空,开,4912.0,3,2022-04-11 09:21:50
916,rb2210,SHFE,0_0_     1403949,     1955179,多,平今,4911.000000000001,3,2022-04-11 09:21:51
917,rb2210,SHFE,0_0_     1405920,     1960304,空,平今,4908.0,1,2022-04-11 09:22:11
918,rb2210,SHFE,0_0_     1387262,     1969566,多,开,4906.0,1,2022-04-11 09:23:11
919,rb2210,SHFE,0_0_     1414286,     1970100,多,开,4907.0,2,2022-04-11 09:23:15
920,rb2210,SHFE,0_0_     1417877,     1974667,多,平今,4910.0,1,2022-04-11 09:23:39
921,rb2210,SHFE,0_0_     1419022,     1975927,空,平今,4907.000000000001,4,2022-04-11 09:23:46
922,rb2210,SHFE,0_0_     1387262,     1976016,多,开,4906.0,3,2022-04-11 09:23:47
923,rb2210,SHFE,0_0_     1419195,     1976042,空,平今,4907.0,3,2022-04-11 09:23:47
924,rb2210,SHFE,0_0_     1419379,     1976518,空,开,4907.0,1,2022-04-11 09:23:51
925,rb2210,SHFE,0_0_     1419379,     1976526,空,开,4907.0,1,2022-04-11 09:23:51
926,rb2210,SHFE,0_0_     1420604,     1977545,多,平今,4906.0,1,2022-04-11 09:23:59
927,rb2210,SHFE,0_0_     1420945,     1978037,空,开,4906.0,1,2022-04-11 09:24:01
928,rb2210,SHFE,0_0_     1423762,     1981668,多,开,4904.0,3,2022-04-11 09:24:19
929,rb2210,SHFE,0_0_     1424753,     1982680,空,平今,4902.0,1,2022-04-11 09:24:24
930,rb2210,SHFE,0_0_     1424718,     1986214,空,平今,4903.0,3,2022-04-11 09:24:39
931,rb2210,SHFE,0_0_     1431783,     1993130,多,开,4908.0,1,2022-04-11 09:25:08
932,rb2210,SHFE,0_0_     1431938,     1993470,多,开,4908.0,1,2022-04-11 09:25:10
933,rb2210,SHFE,0_0_     1432176,     1993529,空,平今,4909.0,2,2022-04-11 09:25:10
934,rb2210,SHFE,0_0_     1436301,     2000357,空,开,4913.0,4,2022-04-11 09:25:40
935,rb2210,SHFE,0_0_     1437797,     2000372,多,平今,4912.0,1,2022-04-11 09:25:40
936,rb2210,SHFE,0_0_     1437797,     2000373,多,平今,4912.0,1,2022-04-11 09:25:40
937,rb2210,SHFE,0_0_     1437797,     2000375,多,平今,4912.0,1,2022-04-11 09:25:40
938,rb2210,SHFE,0_0_     1437797,     2000378,多,平今,4912.0,1,2022-04-11 09:25:41
939,rb2210,SHFE,0_0_     1437808,     2000668,空,开,4913.0,1,2022-04-11 09:25:43
940,rb2210,SHFE,0_0_     1438888,     2002220,多,平今,4915.0,1,2022-04-11 09:25:49
941,rb2210,SHFE,0_0_     1438888,     2002221,多,平今,4915.0,1,2022-04-11 09:25:49
942,rb2210,SHFE,0_0_     1438888,     2002222,多,平今,4915.0,1,2022-04-11 09:25:49
943,rb2210,SHFE,0_0_     1439818,     2003703,空,开,4916.0,1,2022-04-11 09:25:57
944,rb2210,SHFE,0_0_     1439885,     2003866,空,开,4916.0,1,2022-04-11 09:25:57
945,rb2210,SHFE,0_0_     1439885,     2003872,空,开,4916.0,1,2022-04-11 09:25:57
946,rb2210,SHFE,0_0_     1439885,     2003876,空,开,4916.0,5,2022-04-11 09:25:57
947,rb2210,SHFE,0_0_     1439903,     2004005,多,平今,4915.0,7,2022-04-11 09:25:58
948,rb2210,SHFE,0_0_     1439903,     2004009,多,平今,4915.0,1,2022-04-11 09:25:58
949,rb2210,SHFE,0_0_     1439946,     2004022,空,开,4916.0,8,2022-04-11 09:25:58
950,rb2210,SHFE,0_0_     1439968,     2004115,多,平今,4915.0,3,2022-04-11 09:25:58
951,rb2210,SHFE,0_0_     1439968,     2004116,多,平今,4915.0,5,2022-04-11 09:25:58
952,rb2210,SHFE,0_0_     1447534,     2011930,多,开,4914.000000000001,1,2022-04-11 09:26:42
953,rb2210,SHFE,0_0_     1432177,     2016414,多,开,4908.0,2,2022-04-11 09:27:04
954,rb2210,SHFE,0_0_     1450773,     2016515,空,平今,4909.0,2,2022-04-11 09:27:05
955,rb2210,SHFE,0_0_     1451198,     2017180,多,开,4909.0,1,2022-04-11 09:27:08
956,rb2210,SHFE,0_0_     1455013,     2021441,多,开,4912.0,1,2022-04-11 09:27:37
957,rb2210,SHFE,0_0_     1455130,     2021523,多,开,4912.0,2,2022-04-11 09:27:38
958,rb2210,SHFE,0_0_     1455138,     2023092,空,平今,4913.0,2,2022-04-11 09:27:53
959,rb2210,SHFE,0_0_     1456398,     2023853,多,开,4912.0,1,2022-04-11 09:28:01
960,rb2210,SHFE,0_0_     1456398,     2023855,多,开,4912.0,1,2022-04-11 09:28:01
961,rb2210,SHFE,0_0_     1466960,     2064032,空,平今,4910.0,1,2022-04-11 09:32:21
962,rb2210,SHFE,0_0_     1495030,     2064108,多,开,4909.0,1,2022-04-11 09:32:22
963,rb2210,SHFE,0_0_     1502823,     2077193,空,开,4907.0,4,2022-04-11 09:33:59
964,rb2210,SHFE,0_0_     1507873,     2077413,多,平今,4906.0,4,2022-04-11 09:34:00
965,rb2210,SHFE,0_0_     1512268,     2081281,空,开,4908.0,1,2022-04-11 09:34:30
966,rb2210,SHFE,0_0_     1512268,     2081284,空,开,4908.0,2,2022-04-11 09:34:30
967,rb2210,SHFE,0_0_     1512268,     2081326,空,开,4908.0,2,2022-04-11 09:34:31
968,rb2210,SHFE,0_0_     1512268,     2081333,空,开,4908.0,1,2022-04-11 09:34:31
969,rb2210,SHFE,0_0_     1512268,     2081335,空,开,4908.0,1,2022-04-11 09:34:31
970,rb2210,SHFE,0_0_     1514845,     2083740,空,平今,4908.000000000001,2,2022-04-11 09:34:50
971,rb2210,SHFE,0_0_     1515443,     2083785,多,平今,4907.0,2,2022-04-11 09:34:50
972,rb2210,SHFE,0_0_     1515462,     2083790,空,平今,4908.0,2,2022-04-11 09:34:50
973,rb2210,SHFE,0_0_     1515463,     2083979,多,平今,4907.0,2,2022-04-11 09:34:51
974,rb2210,SHFE,0_0_     1537679,     2106298,多,平今,4902.0,1,2022-04-11 09:37:05
975,rb2210,SHFE,0_0_     1521428,     2108640,空,开,4905.0,2,2022-04-11 09:37:21
976,rb2210,SHFE,0_0_     1521428,     2108727,空,开,4905.0,1,2022-04-11 09:37:22
977,rb2210,SHFE,0_0_     1521428,     2108780,空,开,4905.0,1,2022-04-11 09:37:22
978,rb2210,SHFE,0_0_     1541764,     2110743,多,平今,4903.0,3,2022-04-11 09:37:38
979,rb2210,SHFE,0_0_     1542122,     2113715,空,开,4904.0,1,2022-04-11 09:37:58
980,rb2210,SHFE,0_0_     1542122,     2113718,空,开,4904.0,1,2022-04-11 09:37:58
981,rb2210,SHFE,0_0_     1542122,     2113758,空,开,4904.0,1,2022-04-11 09:37:58
982,rb2210,SHFE,0_0_     1550032,     2118715,多,平今,4907.0,1,2022-04-11 09:38:31
983,rb2210,SHFE,0_0_     1550551,     2119043,空,平今,4908.0,1,2022-04-11 09:38:33
984,rb2210,SHFE,0_0_     1550561,     2120462,多,平今,4907.0,1,2022-04-11 09:38:43
985,rb2210,SHFE,0_0_     1551938,     2122421,空,开,4908.0,1,2022-04-11 09:38:57
986,rb2210,SHFE,0_0_     1551938,     2122533,空,开,4908.0,1,2022-04-11 09:38:57
987,rb2210,SHFE,0_0_     1551938,     2122553,空,开,4908.0,1,2022-04-11 09:38:57
988,rb2210,SHFE,0_0_     1553571,     2122685,多,平今,4907.0,2,2022-04-11 09:38:59
989,rb2210,SHFE,0_0_     1577978,     2145203,多,开,4900.0,7,2022-04-11 09:41:39
990,rb2210,SHFE,0_0_     1577978,     2145275,多,开,4900.0,1,2022-04-11 09:41:40
991,rb2210,SHFE,0_0_     1582681,     2149584,空,平今,4897.0,1,2022-04-11 09:42:16
992,rb2210,SHFE,0_0_     1582681,     2149590,空,平今,4897.0,3,2022-04-11 09:42:16
993,rb2210,SHFE,0_0_     1588104,     2155367,多,平今,4897.0,1,2022-04-11 09:42:56
994,rb2210,SHFE,0_0_     1589163,     2156085,多,平今,4897.0,3,2022-04-11 09:43:00
995,rb2210,SHFE,0_0_     1589955,     2156878,空,开,4895.0,1,2022-04-11 09:43:03
996,rb2210,SHFE,0_0_     1589955,     2156881,空,开,4895.0,1,2022-04-11 09:43:03
997,rb2210,SHFE,0_0_     1589955,     2156882,空,开,4895.0,1,2022-04-11 09:43:03
998,rb2210,SHFE,0_0_     1590069,     2157417,多,平今,4894.0,1,2022-04-11 09:43:05
999,rb2210,SHFE,0_0_     1590216,     2157454,空,平今,4895.0,1,2022-04-11 09:43:05
1000,rb2210,SHFE,0_0_     1590240,     2157472,多,平今,4894.0,1,2022-04-11 09:43:05
1001,rb2210,SHFE,0_0_     1590898,     2158476,空,开,4892.0,6,2022-04-11 09:43:10
1002,rb2210,SHFE,0_0_     1591200,     2159229,多,平今,4891.0,1,2022-04-11 09:43:13
1003,rb2210,SHFE,0_0_     1591200,     2159253,多,平今,4891.0,2,2022-04-11 09:43:13
1004,rb2210,SHFE,0_0_     1591512,     2159387,多,平今,4891.0,5,2022-04-11 09:43:14
1005,rb2210,SHFE,0_0_     1592169,     2160099,空,开,4890.0,4,2022-04-11 09:43:17
1006,rb2210,SHFE,0_0_     1596441,     2166605,空,平今,4887.0,2,2022-04-11 09:43:41
1007,rb2210,SHFE,0_0_     1596483,     2167457,多,平今,4886.0,1,2022-04-11 09:43:46
1008,rb2210,SHFE,0_0_     1596483,     2167461,多,平今,4886.0,1,2022-04-11 09:43:46
1009,rb2210,SHFE,0_0_     1597071,     2167486,空,开,4887.0,2,2022-04-11 09:43:46
1010,rb2210,SHFE,0_0_     1590244,     2171331,空,平今,4895.0,1,2022-04-11 09:44:10
1011,rb2210,SHFE,0_0_     1600541,     2171398,多,开,4894.0,5,2022-04-11 09:44:10
1012,rb2210,SHFE,0_0_     1600544,     2171535,空,平今,4895.0,5,2022-04-11 09:44:11
1013,rb2210,SHFE,0_0_     1600696,     2171573,多,开,4894.0,1,2022-04-11 09:44:11
1014,rb2210,SHFE,0_0_     1600696,     2171585,多,开,4894.0,1,2022-04-11 09:44:11
1015,rb2210,SHFE,0_0_     1600696,     2171599,多,开,4894.0,3,2022-04-11 09:44:12
1016,rb2210,SHFE,0_0_     1600731,     2171751,空,平今,4895.0,3,2022-04-11 09:44:12
1017,rb2210,SHFE,0_0_     1600935,     2171766,多,开,4894.0,3,2022-04-11 09:44:12
1018,rb2210,SHFE,0_0_     1600955,     2172434,空,平今,4895.0,5,2022-04-11 09:44:17
1019,rb2210,SHFE,0_0_     1601662,     2172470,多,开,4894.0,1,2022-04-11 09:44:17
1020,rb2210,SHFE,0_0_     1601662,     2172477,多,开,4894.0,4,2022-04-11 09:44:17
1021,rb2210,SHFE,0_0_     1601676,     2172758,空,平今,4895.0,1,2022-04-11 09:44:20
1022,rb2210,SHFE,0_0_     1601676,     2172764,空,平今,4895.0,1,2022-04-11 09:44:20
1023,rb2210,SHFE,0_0_     1601676,     2172788,空,平今,4895.0,1,2022-04-11 09:44:20
1024,rb2210,SHFE,0_0_     1601676,     2172855,空,平今,4895.0,1,2022-04-11 09:44:21
1025,rb2210,SHFE,0_0_     1601676,     2172856,空,平今,4895.0,1,2022-04-11 09:44:21
1026,rb2210,SHFE,0_0_     1603602,     2173829,多,开,4895.0,4,2022-04-11 09:44:30
1027,rb2210,SHFE,0_0_     1603656,     2174525,空,平今,4896.0,4,2022-04-11 09:44:36
1028,rb2210,SHFE,0_0_     1604551,     2175458,多,开,4895.000000000001,4,2022-04-11 09:44:48
1029,rb2210,SHFE,0_0_     1609820,     2180122,多,平今,4897.0,3,2022-04-11 09:45:07
1030,rb2210,SHFE,0_0_     1609967,     2180769,多,平今,4896.0,1,2022-04-11 09:45:09
1031,rb2210,SHFE,0_0_     1610165,     2180821,空,平今,4897.0,1,2022-04-11 09:45:09
1032,rb2210,SHFE,0_0_     1610166,     2180842,多,开,4896.0,1,2022-04-11 09:45:09
1033,rb2210,SHFE,0_0_     1610197,     2180888,空,平今,4897.0,1,2022-04-11 09:45:09
1034,rb2210,SHFE,0_0_     1610326,     2181175,多,开,4896.0,5,2022-04-11 09:45:11
1035,rb2210,SHFE,0_0_     1614768,     2184976,空,平今,4898.0,3,2022-04-11 09:45:37
1036,rb2210,SHFE,0_0_     1617408,     2187551,空,开,4898.0,8,2022-04-11 09:45:56
1037,rb2210,SHFE,0_0_     1620992,     2192820,多,平今,4896.0,5,2022-04-11 09:46:29
1038,rb2210,SHFE,0_0_     1620992,     2192821,多,平今,4896.0,1,2022-04-11 09:46:29
1039,rb2210,SHFE,0_0_     1620992,     2192822,多,平今,4896.0,2,2022-04-11 09:46:29
1040,rb2210,SHFE,0_0_     1627421,     2199343,空,开,4898.0,8,2022-04-11 09:47:18
1041,rb2210,SHFE,0_0_     1629129,     2199612,多,平今,4895.0,4,2022-04-11 09:47:20
1042,rb2210,SHFE,0_0_     1630095,     2200485,多,平今,4897.0,1,2022-04-11 09:47:29
1043,rb2210,SHFE,0_0_     1630310,     2200625,空,平今,4898.0,1,2022-04-11 09:47:30
1044,rb2210,SHFE,0_0_     1630310,     2200674,空,平今,4898.0,1,2022-04-11 09:47:31
1045,rb2210,SHFE,0_0_     1630310,     2200799,空,平今,4898.0,3,2022-04-11 09:47:31
1046,rb2210,SHFE,0_0_     1630591,     2200982,多,平今,4897.0,1,2022-04-11 09:47:32
1047,rb2210,SHFE,0_0_     1635629,     2208234,多,开,4896.0,2,2022-04-11 09:48:20
1048,rb2210,SHFE,0_0_     1635629,     2208945,多,开,4896.0,1,2022-04-11 09:48:22
1049,rb2210,SHFE,0_0_     1645279,     2218457,空,开,4895.0,4,2022-04-11 09:49:28
1050,rb2210,SHFE,0_0_     1653626,     2227051,多,平今,4893.0,2,2022-04-11 09:50:29
1051,rb2210,SHFE,0_0_     1657977,     2228238,空,平今,4893.0,2,2022-04-11 09:50:37
1052,rb2210,SHFE,0_0_     1659217,     2229259,空,开,4891.0,4,2022-04-11 09:50:41
1053,rb2210,SHFE,0_0_     1675572,     2245625,多,开,4897.0,3,2022-04-11 09:52:33
1054,rb2210,SHFE,0_0_     1672940,     2250121,多,平今,4895.0,1,2022-04-11 09:53:13
1055,rb2210,SHFE,0_0_     1672940,     2250138,多,平今,4895.0,7,2022-04-11 09:53:13
1056,rb2210,SHFE,0_0_     1681951,     2251083,空,开,4895.0,4,2022-04-11 09:53:18
1057,rb2210,SHFE,0_0_     1686283,     2254190,多,平今,4895.0,4,2022-04-11 09:53:47
1058,rb2210,SHFE,0_0_     1686297,     2254565,空,开,4896.0,4,2022-04-11 09:53:50
1059,rb2210,SHFE,0_0_     1686741,     2254658,多,平今,4895.0,4,2022-04-11 09:53:51
1060,rb2210,SHFE,0_0_     1693898,     2260398,多,开,4896.0,1,2022-04-11 09:54:47
1061,rb2210,SHFE,0_0_     1681443,     2263153,空,平今,4898.0,1,2022-04-11 09:55:11
1062,rb2210,SHFE,0_0_     1681443,     2263163,空,平今,4898.0,1,2022-04-11 09:55:11
1063,rb2210,SHFE,0_0_     1681443,     2263171,空,平今,4898.0,1,2022-04-11 09:55:11
1064,rb2210,SHFE,0_0_     1696842,     2263178,多,开,4897.0,2,2022-04-11 09:55:11
1065,rb2210,SHFE,0_0_     1696842,     2263179,多,开,4897.0,1,2022-04-11 09:55:11
1066,rb2210,SHFE,0_0_     1707120,     2271305,空,平今,4894.0,2,2022-04-11 09:56:34
1067,rb2210,SHFE,0_0_     1707418,     2271531,空,开,4893.0,2,2022-04-11 09:56:36
1068,rb2210,SHFE,0_0_     1710998,     2274772,空,开,4890.0,2,2022-04-11 09:57:05
1069,rb2210,SHFE,0_0_     1710998,     2274810,空,开,4890.0,1,2022-04-11 09:57:06
1070,rb2210,SHFE,0_0_     1710998,     2275113,空,开,4890.0,2,2022-04-11 09:57:07
1071,rb2210,SHFE,0_0_     1715425,     2280849,多,平今,4886.0,7,2022-04-11 09:57:43
1072,rb2210,SHFE,0_0_     1715689,     2280946,空,开,4887.0,4,2022-04-11 09:57:43
1073,rb2210,SHFE,0_0_     1710737,     2286970,空,平今,4891.0,1,2022-04-11 09:58:25
1074,rb2210,SHFE,0_0_     1722366,     2287249,多,平今,4891.0,4,2022-04-11 09:58:28
1075,rb2210,SHFE,0_0_     1724263,     2288441,空,开,4890.0,1,2022-04-11 09:58:44
1076,rb2210,SHFE,0_0_     1724263,     2288446,空,开,4890.0,1,2022-04-11 09:58:44
1077,rb2210,SHFE,0_0_     1724263,     2288558,空,开,4890.0,1,2022-04-11 09:58:45
1078,rb2210,SHFE,0_0_     1724263,     2288586,空,开,4890.0,1,2022-04-11 09:58:45
1079,rb2210,SHFE,0_0_     1725190,     2289326,多,平今,4888.0,1,2022-04-11 09:58:56
1080,rb2210,SHFE,0_0_     1725494,     2291027,空,平今,4889.0,2,2022-04-11 09:59:11
1081,rb2210,SHFE,0_0_     1727488,     2291116,多,平今,4888.0,2,2022-04-11 09:59:12
1082,rb2210,SHFE,0_0_     1728702,     2292597,空,开,4888.0,3,2022-04-11 09:59:27
1083,rb2210,SHFE,0_0_     1728702,     2292605,空,开,4888.0,1,2022-04-11 09:59:27
1084,rb2210,SHFE,0_0_     1730665,     2294095,多,平今,4887.0,1,2022-04-11 09:59:41
1085,rb2210,SHFE,0_0_     1730665,     2294113,多,平今,4887.0,1,2022-04-11 09:59:41
1086,rb2210,SHFE,0_0_     1733980,     2297905,空,开,4886.0,1,2022-04-11 09:59:57
1087,rb2210,SHFE,0_0_     1735796,     2302763,多,开,4885.0,8,2022-04-11 10:00:04
1088,rb2210,SHFE,0_0_     1737717,     2305727,空,平今,4886.0,1,2022-04-11 10:00:14
1089,rb2210,SHFE,0_0_     1737717,     2305734,空,平今,4886.0,3,2022-04-11 10:00:14
1090,rb2210,SHFE,0_0_     1738780,     2307577,空,平今,4885.000000000001,1,2022-04-11 10:00:21
1091,rb2210,SHFE,0_0_     1738780,     2307593,空,平今,4885.000000000001,1,2022-04-11 10:00:21
1092,rb2210,SHFE,0_0_     1738780,     2307595,空,平今,4885.000000000001,2,2022-04-11 10:00:21
1093,rb2210,SHFE,0_0_     1739152,     2308440,空,开,4885.0,1,2022-04-11 10:00:23
1094,rb2210,SHFE,0_0_     1740337,     2310312,多,开,4884.0,7,2022-04-11 10:00:29
1095,rb2210,SHFE,0_0_     1740687,     2311165,空,平今,4885.0,3,2022-04-11 10:00:32
1096,rb2210,SHFE,0_0_     1745035,     2315727,多,开,4889.000000000001,1,2022-04-11 10:01:00
1097,rb2210,SHFE,0_0_     1745035,     2315728,多,开,4889.000000000001,1,2022-04-11 10:01:00
1098,rb2210,SHFE,0_0_     1745035,     2315729,多,开,4889.000000000001,2,2022-04-11 10:01:00
1099,rb2210,SHFE,0_0_     1746138,     2317412,多,平今,4891.0,3,2022-04-11 10:01:06
1100,rb2210,SHFE,0_0_     1748738,     2319655,空,平今,4888.0,2,2022-04-11 10:01:21
1101,rb2210,SHFE,0_0_     1757766,     2328484,空,开,4885.0,1,2022-04-11 10:02:19
1102,rb2210,SHFE,0_0_     1757766,     2328486,空,开,4885.0,1,2022-04-11 10:02:19
1103,rb2210,SHFE,0_0_     1757766,     2328536,空,开,4885.0,1,2022-04-11 10:02:19
1104,rb2210,SHFE,0_0_     1757766,     2328580,空,开,4885.0,1,2022-04-11 10:02:20
1105,rb2210,SHFE,0_0_     1757766,     2328588,空,开,4885.0,1,2022-04-11 10:02:20
1106,rb2210,SHFE,0_0_     1757766,     2328627,空,开,4885.0,1,2022-04-11 10:02:20
1107,rb2210,SHFE,0_0_     1740248,     2329860,多,平今,4883.0,1,2022-04-11 10:02:26
1108,rb2210,SHFE,0_0_     1740248,     2329867,多,平今,4883.0,1,2022-04-11 10:02:26
1109,rb2210,SHFE,0_0_     1760234,     2331220,空,开,4883.0,2,2022-04-11 10:02:32
1110,rb2210,SHFE,0_0_     1760451,     2331248,多,平今,4882.0,4,2022-04-11 10:02:32
1111,rb2210,SHFE,0_0_     1761846,     2334051,空,平今,4881.0,1,2022-04-11 10:02:45
1112,rb2210,SHFE,0_0_     1760452,     2335302,空,开,4883.0,2,2022-04-11 10:02:51
1113,rb2210,SHFE,0_0_     1760452,     2335304,空,开,4883.0,2,2022-04-11 10:02:51
1114,rb2210,SHFE,0_0_     1762512,     2335523,多,平今,4883.0,4,2022-04-11 10:02:52
1115,rb2210,SHFE,0_0_     1762640,     2336074,多,平今,4882.0,4,2022-04-11 10:02:54
1116,rb2210,SHFE,0_0_     1762838,     2336140,空,开,4883.0,5,2022-04-11 10:02:54
1117,rb2210,SHFE,0_0_     1762937,     2336156,多,平今,4882.0,2,2022-04-11 10:02:54
1118,rb2210,SHFE,0_0_     1762937,     2336187,多,平今,4882.0,2,2022-04-11 10:02:54
1119,rb2210,SHFE,0_0_     1762937,     2336227,多,平今,4882.0,1,2022-04-11 10:02:55
1120,rb2210,SHFE,0_0_     1763073,     2336872,空,开,4883.0,2,2022-04-11 10:02:57
1121,rb2210,SHFE,0_0_     1764075,     2338003,多,开,4884.0,3,2022-04-11 10:03:03
1122,rb2210,SHFE,0_0_     1764914,     2338811,空,平今,4884.0,1,2022-04-11 10:03:06
1123,rb2210,SHFE,0_0_     1764914,     2338819,空,平今,4884.0,1,2022-04-11 10:03:06
1124,rb2210,SHFE,0_0_     1763368,     2339473,多,平今,4882.0,1,2022-04-11 10:03:10
1125,rb2210,SHFE,0_0_     1765750,     2342335,空,开,4882.0,3,2022-04-11 10:03:27
1126,rb2210,SHFE,0_0_     1765794,     2342350,空,平今,4882.0,1,2022-04-11 10:03:27
1127,rb2210,SHFE,0_0_     1767522,     2344805,多,平今,4881.0,4,2022-04-11 10:03:42
1128,rb2210,SHFE,0_0_     1769556,     2345538,空,开,4882.0,4,2022-04-11 10:03:45
1129,rb2210,SHFE,0_0_     1769760,     2346055,空,开,4882.0,3,2022-04-11 10:03:48
1130,rb2210,SHFE,0_0_     1770009,     2346470,多,平今,4881.0,1,2022-04-11 10:03:50
1131,rb2210,SHFE,0_0_     1770508,     2346493,多,平今,4881.0,3,2022-04-11 10:03:50
1132,rb2210,SHFE,0_0_     1770579,     2351039,空,开,4882.0,4,2022-04-11 10:04:09
1133,rb2210,SHFE,0_0_     1774012,     2351061,多,平今,4881.0,4,2022-04-11 10:04:09
1134,rb2210,SHFE,0_0_     1777508,     2354580,空,开,4883.0,5,2022-04-11 10:04:31
1135,rb2210,SHFE,0_0_     1777977,     2354862,多,平今,4882.0,6,2022-04-11 10:04:34
1136,rb2210,SHFE,0_0_     1782800,     2360330,多,平今,4878.0,1,2022-04-11 10:05:02
1137,rb2210,SHFE,0_0_     1783234,     2360982,空,平今,4877.0,3,2022-04-11 10:05:04
1138,rb2210,SHFE,0_0_     1783716,     2361734,多,开,4877.0,3,2022-04-11 10:05:07
1139,rb2210,SHFE,0_0_     1787847,     2368294,多,平今,4879.0,1,2022-04-11 10:05:36
1140,rb2210,SHFE,0_0_     1787981,     2368411,空,平今,4880.0,1,2022-04-11 10:05:37
1141,rb2210,SHFE,0_0_     1788085,     2368445,多,开,4879.0,1,2022-04-11 10:05:37
1142,rb2210,SHFE,0_0_     1788203,     2369316,空,平今,4880.0,1,2022-04-11 10:05:44
1143,rb2210,SHFE,0_0_     1789019,     2369356,多,开,4879.0,1,2022-04-11 10:05:44
1144,rb2210,SHFE,0_0_     1789037,     2370112,空,平今,4880.0,1,2022-04-11 10:05:49
1145,rb2210,SHFE,0_0_     1789869,     2370138,多,开,4879.0,1,2022-04-11 10:05:49
1146,rb2210,SHFE,0_0_     1789872,     2370481,空,平今,4880.000000000001,1,2022-04-11 10:05:51
1147,rb2210,SHFE,0_0_     1791518,     2371822,空,平今,4881.0,1,2022-04-11 10:06:01
1148,rb2210,SHFE,0_0_     1791518,     2371825,空,平今,4881.0,1,2022-04-11 10:06:01
1149,rb2210,SHFE,0_0_     1791518,     2371839,空,平今,4881.0,2,2022-04-11 10:06:01
1150,rb2210,SHFE,0_0_     1791567,     2372405,多,开,4880.0,1,2022-04-11 10:06:04
1151,rb2210,SHFE,0_0_     1791567,     2372406,多,开,4880.0,1,2022-04-11 10:06:04
1152,rb2210,SHFE,0_0_     1791567,     2372408,多,开,4880.0,1,2022-04-11 10:06:04
1153,rb2210,SHFE,0_0_     1791567,     2372412,多,开,4880.0,1,2022-04-11 10:06:04
1154,rb2210,SHFE,0_0_     1792107,     2372449,空,平今,4881.0,4,2022-04-11 10:06:04
1155,rb2210,SHFE,0_0_     1792137,     2372482,多,开,4880.0,4,2022-04-11 10:06:04
1156,rb2210,SHFE,0_0_     1792165,     2372511,空,平今,4881.0,4,2022-04-11 10:06:05
1157,rb2210,SHFE,0_0_     1792208,     2372597,多,开,4880.0,4,2022-04-11 10:06:05
1158,rb2210,SHFE,0_0_     1799588,     2379738,多,开,4877.0,2,2022-04-11 10:07:01
1159,rb2210,SHFE,0_0_     1792335,     2382227,空,平今,4881.0,2,2022-04-11 10:07:15
1160,rb2210,SHFE,0_0_     1792335,     2382268,空,平今,4881.0,1,2022-04-11 10:07:15
1161,rb2210,SHFE,0_0_     1792335,     2382276,空,平今,4881.0,1,2022-04-11 10:07:15
1162,rb2210,SHFE,0_0_     1803758,     2383279,多,开,4880.0,1,2022-04-11 10:07:22
1163,rb2210,SHFE,0_0_     1804091,     2383692,多,开,4880.0,2,2022-04-11 10:07:25
1164,rb2210,SHFE,0_0_     1807034,     2387553,空,平今,4876.0,3,2022-04-11 10:07:45
1165,rb2210,SHFE,0_0_     1807820,     2389576,多,开,4875.0,4,2022-04-11 10:07:58
1166,rb2210,SHFE,0_0_     1808458,     2389845,空,平今,4876.0,1,2022-04-11 10:08:00
1167,rb2210,SHFE,0_0_     1808958,     2391330,多,开,4876.0,2,2022-04-11 10:08:10
1168,rb2210,SHFE,0_0_     1809804,     2391377,空,平今,4877.0,1,2022-04-11 10:08:10
1169,rb2210,SHFE,0_0_     1809804,     2391378,空,平今,4877.0,1,2022-04-11 10:08:10
1170,rb2210,SHFE,0_0_     1809820,     2391642,多,开,4876.0,2,2022-04-11 10:08:13
1171,rb2210,SHFE,0_0_     1810112,     2391806,空,平今,4877.0,1,2022-04-11 10:08:15
1172,rb2210,SHFE,0_0_     1810112,     2391813,空,平今,4877.0,1,2022-04-11 10:08:15
1173,rb2210,SHFE,0_0_     1810211,     2392626,多,开,4876.0,1,2022-04-11 10:08:24
1174,rb2210,SHFE,0_0_     1811536,     2393095,空,平今,4876.0,1,2022-04-11 10:08:27
1175,rb2210,SHFE,0_0_     1811536,     2393106,空,平今,4876.0,3,2022-04-11 10:08:27
1176,rb2210,SHFE,0_0_     1814464,     2396166,空,开,4873.0,1,2022-04-11 10:08:45
1177,rb2210,SHFE,0_0_     1814928,     2396488,空,开,4873.0,2,2022-04-11 10:08:48
1178,rb2210,SHFE,0_0_     1814928,     2396513,空,开,4873.0,1,2022-04-11 10:08:48
1179,rb2210,SHFE,0_0_     1814928,     2396514,空,开,4873.0,1,2022-04-11 10:08:48
1180,rb2210,SHFE,0_0_     1815332,     2396630,多,平今,4872.0,4,2022-04-11 10:08:49
1181,rb2210,SHFE,0_0_     1815438,     2396719,空,开,4873.0,2,2022-04-11 10:08:50
1182,rb2210,SHFE,0_0_     1815478,     2396741,空,开,4873.0,1,2022-04-11 10:08:50
1183,rb2210,SHFE,0_0_     1815479,     2396792,多,平今,4872.0,1,2022-04-11 10:08:50
1184,rb2210,SHFE,0_0_     1815479,     2396830,多,平今,4872.0,1,2022-04-11 10:08:50
1185,rb2210,SHFE,0_0_     1815479,     2396835,多,平今,4872.0,1,2022-04-11 10:08:50
1186,rb2210,SHFE,0_0_     1815479,     2396844,多,平今,4872.0,1,2022-04-11 10:08:50
1187,rb2210,SHFE,0_0_     1816000,     2397704,多,开,4874.0,1,2022-04-11 10:08:56
1188,rb2210,SHFE,0_0_     1816867,     2399587,空,开,4874.0,2,2022-04-11 10:09:08
1189,rb2210,SHFE,0_0_     1817401,     2401750,空,平今,4874.0,1,2022-04-11 10:09:23
1190,rb2210,SHFE,0_0_     1822320,     2407715,空,开,4876.0,4,2022-04-11 10:09:58
1191,rb2210,SHFE,0_0_     1824827,     2408934,多,平今,4876.0,3,2022-04-11 10:10:01
1192,rb2210,SHFE,0_0_     1825452,     2408963,空,开,4877.0,3,2022-04-11 10:10:01
1193,rb2210,SHFE,0_0_     1826685,     2410342,多,平今,4880.0,1,2022-04-11 10:10:07
1194,rb2210,SHFE,0_0_     1831075,     2415885,多,平今,4883.0,1,2022-04-11 10:10:33
1195,rb2210,SHFE,0_0_     1830970,     2420402,多,开,4882.0,6,2022-04-11 10:11:03
1196,rb2210,SHFE,0_0_     1835111,     2421010,空,开,4881.0,4,2022-04-11 10:11:09
1197,rb2210,SHFE,0_0_     1834701,     2421466,空,平今,4882.0,4,2022-04-11 10:11:13
1198,rb2210,SHFE,0_0_     1835767,     2421585,多,平今,4882.0,1,2022-04-11 10:11:15
1199,rb2210,SHFE,0_0_     1835808,     2421686,多,平今,4882.0,1,2022-04-11 10:11:16
1200,rb2210,SHFE,0_0_     1835845,     2422321,空,平今,4883.0,2,2022-04-11 10:11:21
1201,rb2210,SHFE,0_0_     1835845,     2422325,空,平今,4883.0,2,2022-04-11 10:11:21
1202,rb2210,SHFE,0_0_     1836632,     2422788,多,开,4884.0,1,2022-04-11 10:11:24
1203,rb2210,SHFE,0_0_     1836632,     2422807,多,开,4884.0,1,2022-04-11 10:11:24
1204,rb2210,SHFE,0_0_     1836632,     2422823,多,开,4884.0,1,2022-04-11 10:11:24
1205,rb2210,SHFE,0_0_     1836632,     2422825,多,开,4884.0,1,2022-04-11 10:11:24
1206,rb2210,SHFE,0_0_     1836823,     2422946,多,平今,4884.0,1,2022-04-11 10:11:25
1207,rb2210,SHFE,0_0_     1836361,     2426814,多,开,4882.0,4,2022-04-11 10:12:00
1208,rb2210,SHFE,0_0_     1845408,     2431435,空,平今,4882.0,2,2022-04-11 10:12:35
1209,rb2210,SHFE,0_0_     1847447,     2433339,空,平今,4882.0,3,2022-04-11 10:12:56
1210,rb2210,SHFE,0_0_     1852714,     2439365,多,平今,4872.0,2,2022-04-11 10:13:37
1211,rb2210,SHFE,0_0_     1852858,     2440951,空,平今,4872.000000000001,3,2022-04-11 10:13:42
1212,rb2210,SHFE,0_0_     1853460,     2440984,多,平今,4871.0,3,2022-04-11 10:13:42
1213,rb2210,SHFE,0_0_     1853463,     2441018,空,开,4872.0,3,2022-04-11 10:13:43
1214,rb2210,SHFE,0_0_     1853494,     2441137,多,平今,4871.0,2,2022-04-11 10:13:44
1215,rb2210,SHFE,0_0_     1853494,     2441197,多,平今,4871.0,1,2022-04-11 10:13:44
1216,rb2210,SHFE,0_0_     1853577,     2441210,空,开,4872.0,1,2022-04-11 10:13:44
1217,rb2210,SHFE,0_0_     1853584,     2441342,多,平今,4871.0,1,2022-04-11 10:13:45
1218,rb2210,SHFE,0_0_     1853742,     2441415,空,开,4872.0,2,2022-04-11 10:13:46
1219,rb2210,SHFE,0_0_     1853830,     2441922,多,平今,4871.000000000001,2,2022-04-11 10:13:50
1220,rb2210,SHFE,0_0_     1854291,     2442020,空,开,4872.0,2,2022-04-11 10:13:51
1221,rb2210,SHFE,0_0_     1854356,     2442260,多,平今,4871.0,2,2022-04-11 10:13:53
1222,rb2210,SHFE,0_0_     1854450,     2442283,多,开,4871.0,1,2022-04-11 10:13:53
1223,rb2210,SHFE,0_0_     1854696,     2442300,多,开,4871.0,6,2022-04-11 10:13:53
1224,rb2210,SHFE,0_0_     1854695,     2442339,空,开,4872.0,1,2022-04-11 10:13:53
1225,rb2210,SHFE,0_0_     1854695,     2442342,空,开,4872.0,1,2022-04-11 10:13:53
1226,rb2210,SHFE,0_0_     1854695,     2442353,空,开,4872.0,1,2022-04-11 10:13:53
1227,rb2210,SHFE,0_0_     1854695,     2442354,空,开,4872.0,1,2022-04-11 10:13:53
1228,rb2210,SHFE,0_0_     1854813,     2442439,多,平今,4871.0,4,2022-04-11 10:13:54
1229,rb2210,SHFE,0_0_     1854905,     2442621,空,平今,4871.0,2,2022-04-11 10:13:55
1230,rb2210,SHFE,0_0_     1855521,     2443583,空,开,4871.0,6,2022-04-11 10:14:00
1231,rb2210,SHFE,0_0_     1859174,     2476191,多,平今,4870.0,6,2022-04-11 10:30:57
1232,rb2210,SHFE,0_0_     1864232,     2491839,空,平今,4870.0,2,2022-04-11 10:32:12
1233,rb2210,SHFE,0_0_     1869261,     2498662,多,开,4869.0,2,2022-04-11 10:32:58
