,code,exchange,orderid,tradeid,direction,offset,price,volume,datetime
0,rb2210,SHFE,0_0_      157877,      407234,空,开,5118.0,1,2022-04-06 21:19:47
1,rb2210,SHFE,0_0_      158978,      408413,多,平今,5118.0,1,2022-04-06 21:19:54
2,rb2210,SHFE,0_0_      158147,      409374,多,开,5117.0,4,2022-04-06 21:20:00
3,rb2210,SHFE,0_0_      160342,      409392,空,开,5118.0,4,2022-04-06 21:20:00
4,rb2210,SHFE,0_0_      160342,      409399,空,开,5118.0,1,2022-04-06 21:20:00
5,rb2210,SHFE,0_0_      160355,      409814,多,平今,5117.0,5,2022-04-06 21:20:01
6,rb2210,SHFE,0_0_      162963,      412885,多,开,5116.0,4,2022-04-06 21:20:13
7,rb2210,SHFE,0_0_      160573,      416658,空,开,5118.0,6,2022-04-06 21:20:33
8,rb2210,SHFE,0_0_      166828,      416787,多,平今,5117.0,6,2022-04-06 21:20:34
9,rb2210,SHFE,0_0_      167468,      417749,空,平今,5119.0,1,2022-04-06 21:20:40
10,rb2210,SHFE,0_0_      167621,      418400,多,开,5118.0,1,2022-04-06 21:20:45
11,rb2210,SHFE,0_0_      168350,      419292,空,平今,5119.0,2,2022-04-06 21:20:49
12,rb2210,SHFE,0_0_      169015,      419371,多,开,5118.0,2,2022-04-06 21:20:50
13,rb2210,SHFE,0_0_      173800,      424977,空,平今,5116.0,2,2022-04-06 21:21:21
14,rb2210,SHFE,0_0_      174068,      425133,多,开,5115.0,2,2022-04-06 21:21:21
15,rb2210,SHFE,0_0_      174069,      445086,空,平今,5116.0,2,2022-04-06 21:22:59
16,rb2210,SHFE,0_0_      192299,      450888,空,平今,5112.0,1,2022-04-06 21:23:34
17,rb2210,SHFE,0_0_      192299,      450897,空,平今,5112.0,1,2022-04-06 21:23:34
18,rb2210,SHFE,0_0_      194670,      452940,多,开,5112.0,1,2022-04-06 21:23:47
19,rb2210,SHFE,0_0_      194827,      453045,空,平今,5112.0,2,2022-04-06 21:23:48
20,rb2210,SHFE,0_0_      194827,      453046,空,平今,5112.0,2,2022-04-06 21:23:48
21,rb2210,SHFE,0_0_      196611,      454919,空,开,5113.0,1,2022-04-06 21:24:00
22,rb2210,SHFE,0_0_      196696,      455066,多,平今,5112.0,1,2022-04-06 21:24:01
23,rb2210,SHFE,0_0_      196805,      477619,空,开,5113.0,1,2022-04-06 21:25:37
24,rb2210,SHFE,0_0_      214321,      478271,多,平今,5112.0,1,2022-04-06 21:25:41
25,rb2210,SHFE,0_0_      220223,      483764,多,开,5114.0,1,2022-04-06 21:26:13
26,rb2210,SHFE,0_0_      244862,      515356,空,开,5117.0,1,2022-04-06 21:29:15
27,rb2210,SHFE,0_0_      244862,      515446,空,开,5117.0,1,2022-04-06 21:29:16
28,rb2210,SHFE,0_0_      244862,      515457,空,开,5117.0,1,2022-04-06 21:29:16
29,rb2210,SHFE,0_0_      244862,      515490,空,开,5117.0,1,2022-04-06 21:29:16
30,rb2210,SHFE,0_0_      250658,      516850,空,平今,5117.0,1,2022-04-06 21:29:27
31,rb2210,SHFE,0_0_      252268,      517442,多,平今,5116.0,2,2022-04-06 21:29:34
32,rb2210,SHFE,0_0_      256818,      522741,多,平今,5118.0,2,2022-04-06 21:30:02
33,rb2210,SHFE,0_0_      266065,      534604,空,平今,5122.0,1,2022-04-06 21:30:47
34,rb2210,SHFE,0_0_      259968,      540127,多,开,5119.0,4,2022-04-06 21:31:15
35,rb2210,SHFE,0_0_      271036,      545996,空,平今,5120.0,1,2022-04-06 21:31:55
36,rb2210,SHFE,0_0_      271036,      546062,空,平今,5120.0,1,2022-04-06 21:31:55
37,rb2210,SHFE,0_0_      271036,      546075,空,平今,5120.0,1,2022-04-06 21:31:55
38,rb2210,SHFE,0_0_      271036,      546087,空,平今,5120.0,1,2022-04-06 21:31:55
39,rb2210,SHFE,0_0_      277668,      546389,多,开,5119.0,3,2022-04-06 21:31:59
40,rb2210,SHFE,0_0_      279355,      547982,空,开,5118.0,1,2022-04-06 21:32:08
41,rb2210,SHFE,0_0_      279355,      548005,空,开,5118.0,1,2022-04-06 21:32:09
42,rb2210,SHFE,0_0_      279355,      548009,空,开,5118.0,1,2022-04-06 21:32:09
43,rb2210,SHFE,0_0_      279355,      548011,空,开,5118.0,1,2022-04-06 21:32:09
44,rb2210,SHFE,0_0_      288256,      560537,空,平今,5119.0,1,2022-04-06 21:33:28
45,rb2210,SHFE,0_0_      310156,      590481,多,平今,5117.0,2,2022-04-06 21:36:26
46,rb2210,SHFE,0_0_      310156,      590646,多,平今,5117.0,1,2022-04-06 21:36:27
47,rb2210,SHFE,0_0_      322936,      594428,多,开,5116.0,2,2022-04-06 21:36:45
48,rb2210,SHFE,0_0_      350779,      618943,多,开,5115.0,2,2022-04-06 21:39:49
49,rb2210,SHFE,0_0_      352389,      628335,多,平今,5111.0,1,2022-04-06 21:40:35
50,rb2210,SHFE,0_0_      358115,      628615,空,平今,5112.0,1,2022-04-06 21:40:35
51,rb2210,SHFE,0_0_      358170,      628653,多,开,5111.0,1,2022-04-06 21:40:35
52,rb2210,SHFE,0_0_      358228,      629040,空,平今,5112.0,1,2022-04-06 21:40:37
53,rb2210,SHFE,0_0_      359008,      629623,多,开,5111.0,1,2022-04-06 21:40:40
54,rb2210,SHFE,0_0_      359008,      629645,多,开,5111.0,1,2022-04-06 21:40:40
55,rb2210,SHFE,0_0_      359008,      629705,多,开,5111.0,1,2022-04-06 21:40:41
56,rb2210,SHFE,0_0_      359339,      630002,空,平今,5112.0,1,2022-04-06 21:40:42
57,rb2210,SHFE,0_0_      362579,      633105,空,平今,5113.0,3,2022-04-06 21:41:03
58,rb2210,SHFE,0_0_      362579,      633135,空,平今,5113.0,1,2022-04-06 21:41:03
59,rb2210,SHFE,0_0_      369654,      641668,空,平今,5113.0,1,2022-04-06 21:42:02
60,rb2210,SHFE,0_0_      376330,      648439,空,开,5112.0,8,2022-04-06 21:42:34
61,rb2210,SHFE,0_0_      381459,      653477,空,平今,5113.0,2,2022-04-06 21:43:02
62,rb2210,SHFE,0_0_      382266,      654441,多,平今,5114.0,7,2022-04-06 21:43:07
63,rb2210,SHFE,0_0_      385858,      659169,空,开,5114.0,6,2022-04-06 21:43:35
64,rb2210,SHFE,0_0_      388984,      662965,多,平今,5115.000000000001,4,2022-04-06 21:43:59
65,rb2210,SHFE,0_0_      396549,      677222,多,开,5109.0,1,2022-04-06 21:45:01
66,rb2210,SHFE,0_0_      396549,      677223,多,开,5109.0,1,2022-04-06 21:45:01
67,rb2210,SHFE,0_0_      396549,      677226,多,开,5109.0,1,2022-04-06 21:45:01
68,rb2210,SHFE,0_0_      398270,      679001,多,开,5113.0,1,2022-04-06 21:45:07
69,rb2210,SHFE,0_0_      398270,      679092,多,开,5113.0,1,2022-04-06 21:45:07
70,rb2210,SHFE,0_0_      398270,      679123,多,开,5113.0,1,2022-04-06 21:45:07
71,rb2210,SHFE,0_0_      398270,      679255,多,开,5113.0,1,2022-04-06 21:45:08
72,rb2210,SHFE,0_0_      389159,      680420,空,开,5116.0,4,2022-04-06 21:45:12
73,rb2210,SHFE,0_0_      399603,      680752,多,平今,5115.0,1,2022-04-06 21:45:12
74,rb2210,SHFE,0_0_      399603,      680775,多,平今,5115.0,1,2022-04-06 21:45:12
75,rb2210,SHFE,0_0_      399603,      680776,多,平今,5115.0,1,2022-04-06 21:45:12
76,rb2210,SHFE,0_0_      399603,      680816,多,平今,5115.0,1,2022-04-06 21:45:12
77,rb2210,SHFE,0_0_      399712,      680843,空,平今,5116.0,1,2022-04-06 21:45:12
78,rb2210,SHFE,0_0_      399712,      680866,空,平今,5116.0,3,2022-04-06 21:45:13
79,rb2210,SHFE,0_0_      399904,      681196,多,开,5117.0,3,2022-04-06 21:45:14
80,rb2210,SHFE,0_0_      399904,      681245,多,开,5117.0,1,2022-04-06 21:45:14
81,rb2210,SHFE,0_0_      399923,      681301,空,平今,5118.0,1,2022-04-06 21:45:14
82,rb2210,SHFE,0_0_      399937,      681464,多,平今,5117.0,1,2022-04-06 21:45:15
83,rb2210,SHFE,0_0_      400062,      681607,空,平今,5118.0,1,2022-04-06 21:45:15
84,rb2210,SHFE,0_0_      400062,      681627,空,平今,5118.0,1,2022-04-06 21:45:15
85,rb2210,SHFE,0_0_      400062,      681633,空,平今,5118.0,1,2022-04-06 21:45:15
86,rb2210,SHFE,0_0_      400062,      681644,空,平今,5118.0,2,2022-04-06 21:45:15
87,rb2210,SHFE,0_0_      400128,      681932,空,开,5118.0,4,2022-04-06 21:45:16
88,rb2210,SHFE,0_0_      400495,      683510,多,开,5119.0,1,2022-04-06 21:45:21
89,rb2210,SHFE,0_0_      400495,      683616,多,开,5119.0,1,2022-04-06 21:45:22
90,rb2210,SHFE,0_0_      400495,      683619,多,开,5119.0,2,2022-04-06 21:45:22
91,rb2210,SHFE,0_0_      400190,      687558,多,平今,5117.0,3,2022-04-06 21:45:42
92,rb2210,SHFE,0_0_      400190,      687561,多,平今,5117.0,1,2022-04-06 21:45:42
93,rb2210,SHFE,0_0_      400258,      687740,多,开,5117.0,1,2022-04-06 21:45:43
94,rb2210,SHFE,0_0_      400258,      687748,多,开,5117.0,1,2022-04-06 21:45:43
95,rb2210,SHFE,0_0_      405239,      688600,空,平今,5117.0,1,2022-04-06 21:45:47
96,rb2210,SHFE,0_0_      406251,      690474,空,平今,5118.0,4,2022-04-06 21:45:56
97,rb2210,SHFE,0_0_      405288,      691382,多,开,5116.0,1,2022-04-06 21:46:03
98,rb2210,SHFE,0_0_      399723,      691410,多,平今,5115.0,2,2022-04-06 21:46:03
99,rb2210,SHFE,0_0_      407776,      691422,空,平今,5116.0,1,2022-04-06 21:46:03
100,rb2210,SHFE,0_0_      407776,      691845,空,平今,5116.0,1,2022-04-06 21:46:04
101,rb2210,SHFE,0_0_      407775,      693025,空,平今,5117.0,1,2022-04-06 21:46:13
102,rb2210,SHFE,0_0_      409023,      693452,多,开,5116.0,1,2022-04-06 21:46:15
103,rb2210,SHFE,0_0_      410830,      694835,空,平今,5118.0,1,2022-04-06 21:46:30
104,rb2210,SHFE,0_0_      412366,      696974,空,开,5117.0,2,2022-04-06 21:46:53
105,rb2210,SHFE,0_0_      412366,      697557,空,开,5117.0,1,2022-04-06 21:46:58
106,rb2210,SHFE,0_0_      411347,      699292,空,开,5118.0,4,2022-04-06 21:47:10
107,rb2210,SHFE,0_0_      418329,      703529,多,开,5121.0,2,2022-04-06 21:47:37
108,rb2210,SHFE,0_0_      417916,      703769,多,平今,5120.0,4,2022-04-06 21:47:38
109,rb2210,SHFE,0_0_      419029,      704202,空,平今,5121.0,1,2022-04-06 21:47:40
110,rb2210,SHFE,0_0_      419079,      704359,空,平今,5121.0,1,2022-04-06 21:47:41
111,rb2210,SHFE,0_0_      426264,      717139,多,平今,5131.0,1,2022-04-06 21:48:39
112,rb2210,SHFE,0_0_      427179,      717175,空,开,5132.0,1,2022-04-06 21:48:39
113,rb2210,SHFE,0_0_      427930,      719146,空,开,5134.0,1,2022-04-06 21:48:47
114,rb2210,SHFE,0_0_      429930,      722107,空,开,5131.0,2,2022-04-06 21:49:02
115,rb2210,SHFE,0_0_      430065,      722176,多,平今,5130.0,2,2022-04-06 21:49:02
116,rb2210,SHFE,0_0_      430074,      722291,空,开,5131.0,2,2022-04-06 21:49:03
117,rb2210,SHFE,0_0_      430297,      722345,多,平今,5130.0,2,2022-04-06 21:49:03
118,rb2210,SHFE,0_0_      430319,      722510,空,开,5131.0,2,2022-04-06 21:49:04
119,rb2210,SHFE,0_0_      431392,      725401,多,平今,5137.0,3,2022-04-06 21:49:12
120,rb2210,SHFE,0_0_      431178,      725756,多,开,5135.0,2,2022-04-06 21:49:13
121,rb2210,SHFE,0_0_      431178,      725910,多,开,5135.0,1,2022-04-06 21:49:14
122,rb2210,SHFE,0_0_      431178,      726062,多,开,5135.0,2,2022-04-06 21:49:15
123,rb2210,SHFE,0_0_      431178,      726403,多,开,5135.0,3,2022-04-06 21:49:16
124,rb2210,SHFE,0_0_      431831,      726540,空,平今,5136.0,3,2022-04-06 21:49:16
125,rb2210,SHFE,0_0_      432274,      726989,空,平今,5136.0,2,2022-04-06 21:49:18
126,rb2210,SHFE,0_0_      432274,      726990,空,平今,5136.0,1,2022-04-06 21:49:18
127,rb2210,SHFE,0_0_      432378,      727999,多,开,5135.0,1,2022-04-06 21:49:24
128,rb2210,SHFE,0_0_      432378,      728002,多,开,5135.0,1,2022-04-06 21:49:24
129,rb2210,SHFE,0_0_      432378,      728021,多,开,5135.0,1,2022-04-06 21:49:25
130,rb2210,SHFE,0_0_      432961,      728125,空,平今,5136.0,1,2022-04-06 21:49:26
131,rb2210,SHFE,0_0_      436351,      732023,空,开,5133.0,4,2022-04-06 21:49:54
132,rb2210,SHFE,0_0_      433378,      733082,空,平今,5135.0,1,2022-04-06 21:50:00
133,rb2210,SHFE,0_0_      433378,      733083,空,平今,5135.0,1,2022-04-06 21:50:00
134,rb2210,SHFE,0_0_      437169,      733438,多,平今,5134.0,1,2022-04-06 21:50:01
135,rb2210,SHFE,0_0_      437169,      733439,多,平今,5134.0,1,2022-04-06 21:50:01
136,rb2210,SHFE,0_0_      437176,      733445,多,开,5134.0,1,2022-04-06 21:50:01
137,rb2210,SHFE,0_0_      437176,      733465,多,开,5134.0,3,2022-04-06 21:50:01
138,rb2210,SHFE,0_0_      437822,      740301,空,平今,5134.0,4,2022-04-06 21:50:34
139,rb2210,SHFE,0_0_      441995,      740305,多,平今,5133.0,2,2022-04-06 21:50:34
140,rb2210,SHFE,0_0_      441995,      740311,多,平今,5133.0,1,2022-04-06 21:50:34
141,rb2210,SHFE,0_0_      441995,      740316,多,平今,5133.0,1,2022-04-06 21:50:35
142,rb2210,SHFE,0_0_      444171,      743565,空,开,5134.0,3,2022-04-06 21:50:56
143,rb2210,SHFE,0_0_      445502,      744727,多,平今,5134.0,1,2022-04-06 21:51:03
144,rb2210,SHFE,0_0_      445502,      744751,多,平今,5134.0,1,2022-04-06 21:51:03
145,rb2210,SHFE,0_0_      445502,      744755,多,平今,5134.0,2,2022-04-06 21:51:03
146,rb2210,SHFE,0_0_      446449,      745434,多,开,5136.000000000001,4,2022-04-06 21:51:07
147,rb2210,SHFE,0_0_      447078,      746023,多,开,5136.0,1,2022-04-06 21:51:10
148,rb2210,SHFE,0_0_      447747,      746755,空,平今,5135.0,1,2022-04-06 21:51:15
149,rb2210,SHFE,0_0_      447747,      746779,空,平今,5135.0,1,2022-04-06 21:51:15
150,rb2210,SHFE,0_0_      451623,      750080,空,平今,5130.0,2,2022-04-06 21:51:42
151,rb2210,SHFE,0_0_      456101,      754029,多,开,5132.0,1,2022-04-06 21:52:18
152,rb2210,SHFE,0_0_      456423,      754235,多,开,5132.0,1,2022-04-06 21:52:18
153,rb2210,SHFE,0_0_      456423,      754290,多,开,5132.0,1,2022-04-06 21:52:19
154,rb2210,SHFE,0_0_      456586,      754388,多,开,5132.0,1,2022-04-06 21:52:19
155,rb2210,SHFE,0_0_      456653,      754474,多,开,5132.0,1,2022-04-06 21:52:20
156,rb2210,SHFE,0_0_      447842,      762451,空,平今,5135.0,1,2022-04-06 21:53:32
157,rb2210,SHFE,0_0_      464542,      762977,多,开,5134.0,1,2022-04-06 21:53:36
158,rb2210,SHFE,0_0_      477047,      776080,空,平今,5131.000000000001,3,2022-04-06 21:55:20
159,rb2210,SHFE,0_0_      489949,      789264,空,开,5132.0,1,2022-04-06 21:57:26
160,rb2210,SHFE,0_0_      465607,      790047,空,平今,5134.0,1,2022-04-06 21:57:38
161,rb2210,SHFE,0_0_      465607,      790061,空,平今,5134.0,1,2022-04-06 21:57:38
162,rb2210,SHFE,0_0_      465607,      790072,空,平今,5134.0,1,2022-04-06 21:57:38
163,rb2210,SHFE,0_0_      465607,      790074,空,平今,5134.0,1,2022-04-06 21:57:38
164,rb2210,SHFE,0_0_      491505,      790759,多,开,5134.0,3,2022-04-06 21:57:45
165,rb2210,SHFE,0_0_      510070,      811544,空,平今,5129.0,1,2022-04-06 22:00:10
166,rb2210,SHFE,0_0_      510801,      823561,多,开,5130.0,4,2022-04-06 22:01:09
167,rb2210,SHFE,0_0_      526495,      831359,多,平今,5130.0,1,2022-04-06 22:02:10
168,rb2210,SHFE,0_0_      531627,      835157,空,平今,5128.0,4,2022-04-06 22:02:42
169,rb2210,SHFE,0_0_      532998,      837545,多,开,5129.0,1,2022-04-06 22:02:56
170,rb2210,SHFE,0_0_      540928,      844593,空,平今,5127.0,1,2022-04-06 22:04:12
171,rb2210,SHFE,0_0_      546817,      849366,空,平今,5129.0,1,2022-04-06 22:05:03
172,rb2210,SHFE,0_0_      546817,      849370,空,平今,5129.0,1,2022-04-06 22:05:03
173,rb2210,SHFE,0_0_      549079,      851573,空,开,5128.0,3,2022-04-06 22:05:25
174,rb2210,SHFE,0_0_      553758,      857410,多,开,5126.0,4,2022-04-06 22:06:25
175,rb2210,SHFE,0_0_      556418,      857730,空,平今,5127.0,4,2022-04-06 22:06:29
176,rb2210,SHFE,0_0_      556986,      858076,多,开,5126.0,4,2022-04-06 22:06:34
177,rb2210,SHFE,0_0_      557416,      858106,空,平今,5127.0,4,2022-04-06 22:06:34
178,rb2210,SHFE,0_0_      557441,      858562,多,开,5126.0,1,2022-04-06 22:06:39
179,rb2210,SHFE,0_0_      557441,      858602,多,开,5126.0,3,2022-04-06 22:06:40
180,rb2210,SHFE,0_0_      557940,      859412,空,平今,5127.0,3,2022-04-06 22:06:51
181,rb2210,SHFE,0_0_      559814,      860219,多,开,5127.0,2,2022-04-06 22:07:01
182,rb2210,SHFE,0_0_      559316,      860962,多,平今,5126.0,3,2022-04-06 22:07:06
183,rb2210,SHFE,0_0_      560967,      861143,空,开,5127.0,3,2022-04-06 22:07:07
184,rb2210,SHFE,0_0_      561175,      861985,空,平今,5127.0,2,2022-04-06 22:07:17
185,rb2210,SHFE,0_0_      562678,      865232,空,平今,5127.0,1,2022-04-06 22:07:54
186,rb2210,SHFE,0_0_      565679,      866119,多,平今,5126.0,1,2022-04-06 22:08:06
187,rb2210,SHFE,0_0_      565679,      866184,多,平今,5126.0,1,2022-04-06 22:08:07
188,rb2210,SHFE,0_0_      576059,      873758,多,平今,5122.0,1,2022-04-06 22:09:33
189,rb2210,SHFE,0_0_      576339,      878179,空,开,5123.0,2,2022-04-06 22:10:04
190,rb2210,SHFE,0_0_      580208,      879013,多,开,5122.0,4,2022-04-06 22:10:10
191,rb2210,SHFE,0_0_      581091,      879214,空,平今,5123.0,4,2022-04-06 22:10:13
192,rb2210,SHFE,0_0_      566978,      882123,空,平今,5127.0,1,2022-04-06 22:10:34
193,rb2210,SHFE,0_0_      583959,      884190,多,平今,5126.0,1,2022-04-06 22:10:53
194,rb2210,SHFE,0_0_      585651,      884440,空,开,5127.0,1,2022-04-06 22:10:56
195,rb2210,SHFE,0_0_      586732,      885237,多,平今,5126.0,2,2022-04-06 22:11:01
196,rb2210,SHFE,0_0_      587863,      886347,多,开,5128.0,1,2022-04-06 22:11:10
197,rb2210,SHFE,0_0_      595764,      895054,空,平今,5131.0,1,2022-04-06 22:12:19
198,rb2210,SHFE,0_0_      608619,      908211,空,开,5129.0,2,2022-04-06 22:14:08
199,rb2210,SHFE,0_0_      608619,      908250,空,开,5129.0,1,2022-04-06 22:14:08
200,rb2210,SHFE,0_0_      608619,      908264,空,开,5129.0,1,2022-04-06 22:14:08
201,rb2210,SHFE,0_0_      633332,      931652,空,开,5132.0,1,2022-04-06 22:17:46
202,rb2210,SHFE,0_0_      638843,      936836,多,平今,5131.0,1,2022-04-06 22:18:41
203,rb2210,SHFE,0_0_      642277,      939592,空,开,5131.0,3,2022-04-06 22:19:08
204,rb2210,SHFE,0_0_      671203,      964591,多,平今,5129.0,1,2022-04-06 22:23:15
205,rb2210,SHFE,0_0_      683114,      977862,多,平今,5139.0,1,2022-04-06 22:24:51
206,rb2210,SHFE,0_0_      683114,      977863,多,平今,5139.0,1,2022-04-06 22:24:51
207,rb2210,SHFE,0_0_      683114,      977868,多,平今,5139.0,1,2022-04-06 22:24:51
208,rb2210,SHFE,0_0_      683114,      977920,多,平今,5139.0,1,2022-04-06 22:24:51
209,rb2210,SHFE,0_0_      683290,      978055,多,开,5139.0,3,2022-04-06 22:24:53
210,rb2210,SHFE,0_0_      683506,      978201,空,平今,5140.0,3,2022-04-06 22:24:54
211,rb2210,SHFE,0_0_      683953,      978410,多,平今,5139.0,1,2022-04-06 22:24:56
212,rb2210,SHFE,0_0_      683953,      978432,多,平今,5139.0,1,2022-04-06 22:24:57
213,rb2210,SHFE,0_0_      684031,      984539,空,开,5140.0,1,2022-04-06 22:25:56
214,rb2210,SHFE,0_0_      692457,      987235,空,开,5140.0,2,2022-04-06 22:26:18
215,rb2210,SHFE,0_0_      696290,      992634,空,开,5137.0,1,2022-04-06 22:27:22
216,rb2210,SHFE,0_0_      696290,      992662,空,开,5137.0,1,2022-04-06 22:27:23
217,rb2210,SHFE,0_0_      707472,      998963,多,平今,5138.0,1,2022-04-06 22:28:41
218,rb2210,SHFE,0_0_      726093,     1021996,多,平今,5131.0,4,2022-04-06 22:31:08
219,rb2210,SHFE,0_0_      726358,     1022054,空,开,5132.0,2,2022-04-06 22:31:09
220,rb2210,SHFE,0_0_      726358,     1022058,空,开,5132.0,2,2022-04-06 22:31:09
221,rb2210,SHFE,0_0_      726392,     1022236,多,平今,5131.0,4,2022-04-06 22:31:10
222,rb2210,SHFE,0_0_      728170,     1026017,多,开,5128.0,4,2022-04-06 22:31:31
223,rb2210,SHFE,0_0_      728882,     1026037,空,平今,5129.0,4,2022-04-06 22:31:31
224,rb2210,SHFE,0_0_      728889,     1026080,多,开,5128.0,4,2022-04-06 22:31:32
225,rb2210,SHFE,0_0_      729213,     1028413,多,开,5128.0,2,2022-04-06 22:31:53
226,rb2210,SHFE,0_0_      729213,     1028469,多,开,5128.0,1,2022-04-06 22:31:53
227,rb2210,SHFE,0_0_      729213,     1028470,多,开,5128.0,1,2022-04-06 22:31:53
228,rb2210,SHFE,0_0_      726595,     1032198,空,开,5132.0,4,2022-04-06 22:32:21
229,rb2210,SHFE,0_0_      734003,     1032545,多,平今,5131.0,4,2022-04-06 22:32:24
230,rb2210,SHFE,0_0_      734468,     1040193,空,平今,5132.0,4,2022-04-06 22:33:27
231,rb2210,SHFE,0_0_      749056,     1045654,多,开,5131.0,2,2022-04-06 22:34:34
232,rb2210,SHFE,0_0_      749303,     1051259,空,平今,5132.0,2,2022-04-06 22:35:46
233,rb2210,SHFE,0_0_      763113,     1054935,空,平今,5133.0,1,2022-04-06 22:36:34
234,rb2210,SHFE,0_0_      714852,     1054980,空,开,5135.0,3,2022-04-06 22:36:34
235,rb2210,SHFE,0_0_      763413,     1055037,多,平今,5134.0,1,2022-04-06 22:36:34
236,rb2210,SHFE,0_0_      763413,     1055038,多,平今,5134.0,1,2022-04-06 22:36:34
237,rb2210,SHFE,0_0_      763437,     1055084,空,开,5135.0,5,2022-04-06 22:36:34
238,rb2210,SHFE,0_0_      763413,     1055177,多,平今,5134.0,1,2022-04-06 22:36:34
239,rb2210,SHFE,0_0_      763536,     1055242,多,平今,5134.0,4,2022-04-06 22:36:35
240,rb2210,SHFE,0_0_      764428,     1056536,多,平今,5133.0,1,2022-04-06 22:36:45
241,rb2210,SHFE,0_0_      764906,     1056930,多,开,5133.0,3,2022-04-06 22:36:48
242,rb2210,SHFE,0_0_      765398,     1057152,空,平今,5134.0,3,2022-04-06 22:36:51
243,rb2210,SHFE,0_0_      765678,     1057348,多,开,5133.000000000001,3,2022-04-06 22:36:53
244,rb2210,SHFE,0_0_      782834,     1074405,空,平今,5133.0,1,2022-04-06 22:39:37
245,rb2210,SHFE,0_0_      783258,     1074820,空,平今,5133.0,1,2022-04-06 22:39:43
246,rb2210,SHFE,0_0_      822155,     1112305,多,开,5124.0,2,2022-04-06 22:45:25
247,rb2210,SHFE,0_0_      831028,     1120232,空,平今,5125.0,2,2022-04-06 22:46:19
248,rb2210,SHFE,0_0_      832463,     1121623,空,平今,5125.000000000001,1,2022-04-06 22:46:31
249,rb2210,SHFE,0_0_      832463,     1121643,空,平今,5125.000000000001,1,2022-04-06 22:46:31
250,rb2210,SHFE,0_0_      832647,     1130197,空,平今,5125.0,1,2022-04-06 22:47:48
251,rb2210,SHFE,0_0_      843879,     1132014,多,开,5125.0,1,2022-04-06 22:48:07
252,rb2210,SHFE,0_0_      843919,     1133324,多,开,5124.0,2,2022-04-06 22:48:23
253,rb2210,SHFE,0_0_      856383,     1143540,空,开,5120.0,4,2022-04-06 22:50:05
254,rb2210,SHFE,0_0_      856506,     1143748,空,开,5120.0,3,2022-04-06 22:50:07
255,rb2210,SHFE,0_0_      856506,     1143761,空,开,5120.0,1,2022-04-06 22:50:07
256,rb2210,SHFE,0_0_      860249,     1151282,多,平今,5119.0,2,2022-04-06 22:51:39
257,rb2210,SHFE,0_0_      864852,     1151368,空,开,5120.0,1,2022-04-06 22:51:40
258,rb2210,SHFE,0_0_      864852,     1151427,空,开,5120.0,1,2022-04-06 22:51:41
259,rb2210,SHFE,0_0_      871717,     1159937,多,平今,5115.0,2,2022-04-06 22:52:29
260,rb2210,SHFE,0_0_      872105,     1160469,空,平今,5116.0,2,2022-04-06 22:52:34
261,rb2210,SHFE,0_0_      872727,     1160641,多,平今,5115.0,2,2022-04-06 22:52:35
262,rb2210,SHFE,0_0_      873022,     1161174,空,开,5116.0,3,2022-04-06 22:52:41
263,rb2210,SHFE,0_0_      873022,     1161181,空,开,5116.0,1,2022-04-06 22:52:41
264,rb2210,SHFE,0_0_      873954,     1161222,多,平今,5115.0,2,2022-04-06 22:52:41
265,rb2210,SHFE,0_0_      873954,     1161255,多,平今,5115.0,2,2022-04-06 22:52:42
266,rb2210,SHFE,0_0_      882440,     1167810,空,开,5113.0,2,2022-04-06 22:53:58
267,rb2210,SHFE,0_0_      884682,     1170550,多,平今,5114.0,4,2022-04-06 22:54:23
268,rb2210,SHFE,0_0_      885369,     1170795,空,开,5115.0,4,2022-04-06 22:54:25
269,rb2210,SHFE,0_0_      886105,     1171323,空,平今,5115.0,1,2022-04-06 22:54:31
270,rb2210,SHFE,0_0_      882455,     1176114,多,平今,5112.0,2,2022-04-06 22:55:13
271,rb2210,SHFE,0_0_      890845,     1176219,空,开,5113.0,1,2022-04-06 22:55:13
272,rb2210,SHFE,0_0_      890845,     1176220,空,开,5113.0,1,2022-04-06 22:55:13
273,rb2210,SHFE,0_0_      890845,     1176221,空,开,5113.0,1,2022-04-06 22:55:13
274,rb2210,SHFE,0_0_      890871,     1176614,多,平今,5112.0,3,2022-04-06 22:55:17
275,rb2210,SHFE,0_0_      892092,     1178250,空,开,5111.0,1,2022-04-06 22:55:28
276,rb2210,SHFE,0_0_      892092,     1178259,空,开,5111.0,2,2022-04-06 22:55:28
277,rb2210,SHFE,0_0_      892363,     1179085,多,平今,5110.0,1,2022-04-06 22:55:35
278,rb2210,SHFE,0_0_      894127,     1180942,多,平今,5110.0,2,2022-04-06 22:55:48
279,rb2210,SHFE,0_0_      894127,     1180975,多,平今,5110.0,2,2022-04-06 22:55:48
280,rb2210,SHFE,0_0_      897672,     1184227,多,开,5112.0,1,2022-04-06 22:56:13
281,rb2210,SHFE,0_0_      897672,     1184250,多,开,5112.0,5,2022-04-06 22:56:13
282,rb2210,SHFE,0_0_      897760,     1184290,空,平今,5113.0,4,2022-04-06 22:56:14
283,rb2210,SHFE,0_0_      898475,     1185154,空,开,5111.0,1,2022-04-06 22:56:21
284,rb2210,SHFE,0_0_      898475,     1185155,空,开,5111.0,1,2022-04-06 22:56:21
285,rb2210,SHFE,0_0_      898475,     1185156,空,开,5111.0,1,2022-04-06 22:56:21
286,rb2210,SHFE,0_0_      898492,     1185175,空,开,5111.0,3,2022-04-06 22:56:22
287,rb2210,SHFE,0_0_      900839,     1187644,多,平今,5109.0,2,2022-04-06 22:56:47
288,rb2210,SHFE,0_0_      901254,     1188589,空,平今,5108.0,3,2022-04-06 22:56:52
289,rb2210,SHFE,0_0_      901542,     1189308,多,平今,5106.0,4,2022-04-06 22:56:54
290,rb2210,SHFE,0_0_      901588,     1189377,多,平今,5106.0,1,2022-04-06 22:56:55
291,rb2210,SHFE,0_0_      901670,     1190361,空,开,5106.0,1,2022-04-06 22:56:57
292,rb2210,SHFE,0_0_      901670,     1190398,空,开,5106.0,1,2022-04-06 22:56:57
293,rb2210,SHFE,0_0_      901670,     1190400,空,开,5106.0,1,2022-04-06 22:56:57
294,rb2210,SHFE,0_0_      901670,     1190401,空,开,5106.0,1,2022-04-06 22:56:57
295,rb2210,SHFE,0_0_      901850,     1190856,多,开,5106.0,8,2022-04-06 22:56:59
296,rb2210,SHFE,0_0_      904185,     1193916,空,平今,5106.0,1,2022-04-06 22:57:15
297,rb2210,SHFE,0_0_      904185,     1193934,空,平今,5106.0,1,2022-04-06 22:57:15
298,rb2210,SHFE,0_0_      904185,     1193936,空,平今,5106.0,2,2022-04-06 22:57:15
299,rb2210,SHFE,0_0_      904185,     1193954,空,平今,5106.0,1,2022-04-06 22:57:15
300,rb2210,SHFE,0_0_      904185,     1193962,空,平今,5106.0,1,2022-04-06 22:57:15
301,rb2210,SHFE,0_0_      907062,     1201099,多,平今,5102.0,2,2022-04-06 22:57:45
302,rb2210,SHFE,0_0_      908024,     1201608,多,平今,5103.0,2,2022-04-06 22:57:49
303,rb2210,SHFE,0_0_      908302,     1201791,空,平今,5104.0,2,2022-04-06 22:57:50
304,rb2210,SHFE,0_0_      909963,     1204077,多,开,5102.0,4,2022-04-06 22:58:03
305,rb2210,SHFE,0_0_      911570,     1206696,空,平今,5099.0,2,2022-04-06 22:58:17
306,rb2210,SHFE,0_0_      911687,     1206873,多,开,5098.000000000001,5,2022-04-06 22:58:18
307,rb2210,SHFE,0_0_      916054,     1213803,多,开,5107.0,1,2022-04-06 22:58:59
308,rb2210,SHFE,0_0_     1302259,     1583657,空,平今,5104.0,2,2022-04-07 09:00:11
309,rb2210,SHFE,0_0_     1304310,     1610020,空,平今,5102.0,4,2022-04-07 09:00:55
310,rb2210,SHFE,0_0_     1304321,     1615476,多,开,5101.0,4,2022-04-07 09:01:04
311,rb2210,SHFE,0_0_     1304798,     1615531,空,平今,5102.0,4,2022-04-07 09:01:04
312,rb2210,SHFE,0_0_     1305916,     1630060,多,平今,5106.0,1,2022-04-07 09:01:37
313,rb2210,SHFE,0_0_     1306025,     1632577,空,开,5107.0,8,2022-04-07 09:01:44
314,rb2210,SHFE,0_0_     1306136,     1633315,多,平今,5106.0,1,2022-04-07 09:01:46
315,rb2210,SHFE,0_0_     1306136,     1633366,多,平今,5106.0,3,2022-04-07 09:01:46
316,rb2210,SHFE,0_0_     1306179,     1634170,空,开,5106.0,4,2022-04-07 09:01:49
317,rb2210,SHFE,0_0_     1308248,     1654856,多,平今,5111.0,1,2022-04-07 09:02:44
318,rb2210,SHFE,0_0_     1308289,     1655548,空,平今,5112.0,1,2022-04-07 09:02:46
319,rb2210,SHFE,0_0_     1308391,     1655679,多,平今,5111.0,1,2022-04-07 09:02:47
320,rb2210,SHFE,0_0_     1308427,     1655743,空,平今,5112.0,1,2022-04-07 09:02:47
321,rb2210,SHFE,0_0_     1308443,     1655980,多,平今,5111.0,1,2022-04-07 09:02:48
322,rb2210,SHFE,0_0_     1308464,     1656628,空,开,5112.0,1,2022-04-07 09:02:50
323,rb2210,SHFE,0_0_     1308531,     1656671,多,平今,5111.0,1,2022-04-07 09:02:50
324,rb2210,SHFE,0_0_     1308536,     1656890,空,开,5112.0,1,2022-04-07 09:02:51
325,rb2210,SHFE,0_0_     1310901,     1673710,多,开,5099.0,8,2022-04-07 09:03:46
326,rb2210,SHFE,0_0_     1311003,     1674840,多,平今,5099.0,1,2022-04-07 09:03:49
327,rb2210,SHFE,0_0_     1311003,     1674842,多,平今,5099.0,3,2022-04-07 09:03:49
328,rb2210,SHFE,0_0_     1311175,     1676237,多,平今,5100.0,1,2022-04-07 09:03:54
329,rb2210,SHFE,0_0_     1311611,     1678790,空,平今,5100.0,1,2022-04-07 09:04:02
330,rb2210,SHFE,0_0_     1311642,     1678820,多,平今,5099.0,1,2022-04-07 09:04:02
331,rb2210,SHFE,0_0_     1311644,     1678930,空,平今,5100.0,1,2022-04-07 09:04:02
332,rb2210,SHFE,0_0_     1311687,     1678943,多,开,5099.0,1,2022-04-07 09:04:02
333,rb2210,SHFE,0_0_     1311690,     1679468,空,平今,5100.0,1,2022-04-07 09:04:03
334,rb2210,SHFE,0_0_     1311770,     1679483,多,开,5099.0,1,2022-04-07 09:04:03
335,rb2210,SHFE,0_0_     1311773,     1683815,空,平今,5100.0,1,2022-04-07 09:04:15
336,rb2210,SHFE,0_0_     1312389,     1684841,多,开,5099.0,1,2022-04-07 09:04:18
337,rb2210,SHFE,0_0_     1314083,     1695204,空,平今,5104.0,2,2022-04-07 09:05:00
338,rb2210,SHFE,0_0_     1314083,     1695205,空,平今,5104.0,2,2022-04-07 09:05:00
339,rb2210,SHFE,0_0_     1316241,     1701187,空,平今,5102.0,1,2022-04-07 09:05:11
340,rb2210,SHFE,0_0_     1319205,     1714029,空,平今,5102.0,1,2022-04-07 09:05:52
341,rb2210,SHFE,0_0_     1319397,     1714814,空,开,5101.0,5,2022-04-07 09:05:55
342,rb2210,SHFE,0_0_     1319397,     1714815,空,开,5101.0,1,2022-04-07 09:05:55
343,rb2210,SHFE,0_0_     1320010,     1718302,多,平今,5098.0,1,2022-04-07 09:06:02
344,rb2210,SHFE,0_0_     1320196,     1719718,空,开,5098.0,2,2022-04-07 09:06:05
345,rb2210,SHFE,0_0_     1320286,     1722387,多,平今,5097.0,4,2022-04-07 09:06:11
346,rb2210,SHFE,0_0_     1320738,     1722845,空,开,5098.0,1,2022-04-07 09:06:13
347,rb2210,SHFE,0_0_     1320738,     1722859,空,开,5098.0,1,2022-04-07 09:06:13
348,rb2210,SHFE,0_0_     1320738,     1722874,空,开,5098.0,1,2022-04-07 09:06:13
349,rb2210,SHFE,0_0_     1320738,     1722875,空,开,5098.0,2,2022-04-07 09:06:13
350,rb2210,SHFE,0_0_     1320846,     1723282,多,平今,5097.0,5,2022-04-07 09:06:14
351,rb2210,SHFE,0_0_     1320929,     1723433,空,开,5098.0,5,2022-04-07 09:06:15
352,rb2210,SHFE,0_0_     1320971,     1723838,多,平今,5097.0,5,2022-04-07 09:06:17
353,rb2210,SHFE,0_0_     1321089,     1724022,空,平今,5097.0,1,2022-04-07 09:06:18
354,rb2210,SHFE,0_0_     1321270,     1725437,空,开,5097.000000000001,1,2022-04-07 09:06:21
355,rb2210,SHFE,0_0_     1321270,     1725451,空,开,5097.0,1,2022-04-07 09:06:21
356,rb2210,SHFE,0_0_     1321399,     1726287,多,平今,5096.0,2,2022-04-07 09:06:23
357,rb2210,SHFE,0_0_     1321565,     1726588,空,开,5097.0,3,2022-04-07 09:06:24
358,rb2210,SHFE,0_0_     1321712,     1726774,多,平今,5096.0,3,2022-04-07 09:06:25
359,rb2210,SHFE,0_0_     1321754,     1727165,多,平今,5096.0,1,2022-04-07 09:06:26
360,rb2210,SHFE,0_0_     1321754,     1727200,多,平今,5096.0,2,2022-04-07 09:06:27
361,rb2210,SHFE,0_0_     1325287,     1743370,多,开,5103.0,1,2022-04-07 09:07:12
362,rb2210,SHFE,0_0_     1327160,     1749532,多,开,5103.0,1,2022-04-07 09:07:37
363,rb2210,SHFE,0_0_     1327160,     1749537,多,开,5103.0,1,2022-04-07 09:07:37
364,rb2210,SHFE,0_0_     1327160,     1749593,多,开,5103.0,1,2022-04-07 09:07:37
365,rb2210,SHFE,0_0_     1329999,     1756861,空,平今,5106.0,2,2022-04-07 09:08:07
366,rb2210,SHFE,0_0_     1334357,     1764371,空,开,5103.0,3,2022-04-07 09:08:52
367,rb2210,SHFE,0_0_     1334357,     1764372,空,开,5103.0,5,2022-04-07 09:08:52
368,rb2210,SHFE,0_0_     1336106,     1768686,多,平今,5103.0,4,2022-04-07 09:09:07
369,rb2210,SHFE,0_0_     1340986,     1777844,多,平今,5096.0,4,2022-04-07 09:09:50
370,rb2210,SHFE,0_0_     1342959,     1782885,空,开,5099.0,3,2022-04-07 09:10:08
371,rb2210,SHFE,0_0_     1343408,     1783003,多,平今,5098.0,2,2022-04-07 09:10:08
372,rb2210,SHFE,0_0_     1343408,     1783007,多,平今,5098.0,1,2022-04-07 09:10:08
373,rb2210,SHFE,0_0_     1336232,     1795776,空,开,5104.0,3,2022-04-07 09:11:10
374,rb2210,SHFE,0_0_     1336232,     1795780,空,开,5104.0,1,2022-04-07 09:11:10
375,rb2210,SHFE,0_0_     1355458,     1797100,多,平今,5102.0,4,2022-04-07 09:11:17
376,rb2210,SHFE,0_0_     1364598,     1807410,空,开,5094.0,2,2022-04-07 09:12:05
377,rb2210,SHFE,0_0_     1364598,     1807411,空,开,5094.0,2,2022-04-07 09:12:05
378,rb2210,SHFE,0_0_     1366132,     1809740,空,开,5093.0,4,2022-04-07 09:12:15
379,rb2210,SHFE,0_0_     1366252,     1809894,多,平今,5092.0,8,2022-04-07 09:12:15
380,rb2210,SHFE,0_0_     1366288,     1810347,空,开,5092.0,5,2022-04-07 09:12:16
381,rb2210,SHFE,0_0_     1366546,     1810954,空,开,5091.0,3,2022-04-07 09:12:17
382,rb2210,SHFE,0_0_     1367180,     1812242,多,平今,5091.0,2,2022-04-07 09:12:21
383,rb2210,SHFE,0_0_     1367587,     1812770,多,平今,5092.0,4,2022-04-07 09:12:23
384,rb2210,SHFE,0_0_     1367825,     1813097,多,平今,5093.0,1,2022-04-07 09:12:26
385,rb2210,SHFE,0_0_     1367825,     1813099,多,平今,5093.0,1,2022-04-07 09:12:26
386,rb2210,SHFE,0_0_     1364475,     1813429,空,平今,5095.0,1,2022-04-07 09:12:28
387,rb2210,SHFE,0_0_     1368244,     1813800,多,开,5094.0,1,2022-04-07 09:12:30
388,rb2210,SHFE,0_0_     1368636,     1814775,多,开,5093.0,1,2022-04-07 09:12:36
389,rb2210,SHFE,0_0_     1368636,     1814782,多,开,5093.0,1,2022-04-07 09:12:36
390,rb2210,SHFE,0_0_     1368636,     1814784,多,开,5093.0,1,2022-04-07 09:12:36
391,rb2210,SHFE,0_0_     1369212,     1815139,空,平今,5094.0,1,2022-04-07 09:12:38
392,rb2210,SHFE,0_0_     1369212,     1815176,空,平今,5094.0,2,2022-04-07 09:12:38
393,rb2210,SHFE,0_0_     1369637,     1815422,多,开,5093.0,2,2022-04-07 09:12:40
394,rb2210,SHFE,0_0_     1369883,     1816288,空,平今,5094.0,2,2022-04-07 09:12:48
395,rb2210,SHFE,0_0_     1371224,     1819427,多,开,5093.0,2,2022-04-07 09:13:05
396,rb2210,SHFE,0_0_     1373975,     1819839,空,平今,5094.000000000001,2,2022-04-07 09:13:06
397,rb2210,SHFE,0_0_     1377643,     1824174,空,开,5095.0,1,2022-04-07 09:13:28
398,rb2210,SHFE,0_0_     1377643,     1824378,空,开,5095.0,3,2022-04-07 09:13:29
399,rb2210,SHFE,0_0_     1378545,     1825462,空,开,5094.0,2,2022-04-07 09:13:38
400,rb2210,SHFE,0_0_     1378545,     1825505,空,开,5094.0,1,2022-04-07 09:13:39
401,rb2210,SHFE,0_0_     1379620,     1827802,多,平今,5093.0,1,2022-04-07 09:13:55
402,rb2210,SHFE,0_0_     1381061,     1831183,多,平今,5089.0,1,2022-04-07 09:14:07
403,rb2210,SHFE,0_0_     1381073,     1831451,空,平今,5090.0,1,2022-04-07 09:14:08
404,rb2210,SHFE,0_0_     1381209,     1831643,多,平今,5089.0,3,2022-04-07 09:14:08
405,rb2210,SHFE,0_0_     1381270,     1832002,空,开,5090.0,4,2022-04-07 09:14:10
406,rb2210,SHFE,0_0_     1381454,     1832006,多,平今,5089.0,1,2022-04-07 09:14:10
407,rb2210,SHFE,0_0_     1381454,     1832009,多,平今,5089.0,3,2022-04-07 09:14:10
408,rb2210,SHFE,0_0_     1381467,     1832467,空,开,5090.0,4,2022-04-07 09:14:12
409,rb2210,SHFE,0_0_     1382765,     1841058,多,平今,5091.0,1,2022-04-07 09:14:53
410,rb2210,SHFE,0_0_     1381752,     1842236,多,平今,5089.0,3,2022-04-07 09:14:57
411,rb2210,SHFE,0_0_     1388224,     1842417,空,开,5090.0,1,2022-04-07 09:14:58
412,rb2210,SHFE,0_0_     1388224,     1842427,空,开,5090.0,1,2022-04-07 09:14:58
413,rb2210,SHFE,0_0_     1388224,     1842452,空,开,5090.0,1,2022-04-07 09:14:59
414,rb2210,SHFE,0_0_     1388349,     1842730,多,平今,5089.0,1,2022-04-07 09:14:59
415,rb2210,SHFE,0_0_     1388752,     1843593,空,开,5089.0,1,2022-04-07 09:15:01
416,rb2210,SHFE,0_0_     1388752,     1843600,空,开,5089.0,2,2022-04-07 09:15:01
417,rb2210,SHFE,0_0_     1388475,     1843701,空,平今,5090.0,1,2022-04-07 09:15:01
418,rb2210,SHFE,0_0_     1388826,     1844026,多,平今,5089.0,2,2022-04-07 09:15:01
419,rb2210,SHFE,0_0_     1389550,     1846408,多,开,5090.0,4,2022-04-07 09:15:04
420,rb2210,SHFE,0_0_     1391418,     1850188,多,开,5095.0,4,2022-04-07 09:15:17
421,rb2210,SHFE,0_0_     1397707,     1864492,空,平今,5096.0,4,2022-04-07 09:16:32
422,rb2210,SHFE,0_0_     1403720,     1864655,多,开,5095.0,4,2022-04-07 09:16:33
423,rb2210,SHFE,0_0_     1404574,     1866346,多,平今,5095.0,1,2022-04-07 09:16:45
424,rb2210,SHFE,0_0_     1405136,     1866597,空,平今,5096.0,1,2022-04-07 09:16:46
425,rb2210,SHFE,0_0_     1405240,     1866640,多,平今,5095.0,1,2022-04-07 09:16:47
426,rb2210,SHFE,0_0_     1405268,     1866975,空,平今,5096.0,1,2022-04-07 09:16:49
427,rb2210,SHFE,0_0_     1414614,     1879477,空,平今,5092.0,2,2022-04-07 09:17:57
428,rb2210,SHFE,0_0_     1414954,     1879484,多,平今,5091.0,1,2022-04-07 09:17:57
429,rb2210,SHFE,0_0_     1414954,     1879492,多,平今,5091.0,1,2022-04-07 09:17:57
430,rb2210,SHFE,0_0_     1414971,     1879643,空,平今,5092.000000000001,2,2022-04-07 09:17:58
431,rb2210,SHFE,0_0_     1415102,     1879686,多,开,5091.0,2,2022-04-07 09:17:58
432,rb2210,SHFE,0_0_     1415138,     1879885,空,平今,5092.0,1,2022-04-07 09:18:00
433,rb2210,SHFE,0_0_     1415138,     1879915,空,平今,5092.0,1,2022-04-07 09:18:00
434,rb2210,SHFE,0_0_     1415405,     1880144,多,开,5091.0,2,2022-04-07 09:18:01
435,rb2210,SHFE,0_0_     1422546,     1887748,多,开,5092.0,1,2022-04-07 09:18:50
436,rb2210,SHFE,0_0_     1422546,     1887770,多,开,5092.0,2,2022-04-07 09:18:50
437,rb2210,SHFE,0_0_     1427617,     1894983,空,开,5088.0,4,2022-04-07 09:19:26
438,rb2210,SHFE,0_0_     1428246,     1895907,多,平今,5087.0,4,2022-04-07 09:19:30
439,rb2210,SHFE,0_0_     1428315,     1896003,空,开,5088.0,5,2022-04-07 09:19:31
440,rb2210,SHFE,0_0_     1428377,     1896080,多,平今,5087.0,5,2022-04-07 09:19:31
441,rb2210,SHFE,0_0_     1428422,     1896084,空,开,5088.0,1,2022-04-07 09:19:31
442,rb2210,SHFE,0_0_     1428422,     1896090,空,开,5088.0,2,2022-04-07 09:19:31
443,rb2210,SHFE,0_0_     1428422,     1896120,空,开,5088.0,1,2022-04-07 09:19:32
444,rb2210,SHFE,0_0_     1428422,     1896131,空,开,5088.0,1,2022-04-07 09:19:32
445,rb2210,SHFE,0_0_     1428481,     1896287,多,平今,5087.0,3,2022-04-07 09:19:32
446,rb2210,SHFE,0_0_     1428551,     1896598,空,开,5088.0,4,2022-04-07 09:19:34
447,rb2210,SHFE,0_0_     1428693,     1896949,多,平今,5087.0,1,2022-04-07 09:19:35
448,rb2210,SHFE,0_0_     1428693,     1896957,多,平今,5087.0,1,2022-04-07 09:19:35
449,rb2210,SHFE,0_0_     1429792,     1903435,空,开,5087.0,1,2022-04-07 09:20:00
450,rb2210,SHFE,0_0_     1433275,     1904318,多,平今,5086.0,1,2022-04-07 09:20:05
451,rb2210,SHFE,0_0_     1433275,     1904330,多,平今,5086.0,1,2022-04-07 09:20:05
452,rb2210,SHFE,0_0_     1433275,     1904333,多,平今,5086.0,1,2022-04-07 09:20:05
453,rb2210,SHFE,0_0_     1433471,     1904384,空,开,5087.0,3,2022-04-07 09:20:06
454,rb2210,SHFE,0_0_     1433486,     1904559,多,平今,5086.0,3,2022-04-07 09:20:06
455,rb2210,SHFE,0_0_     1433753,     1905539,多,平今,5086.0,1,2022-04-07 09:20:10
456,rb2210,SHFE,0_0_     1429241,     1906144,空,开,5088.0,2,2022-04-07 09:20:14
457,rb2210,SHFE,0_0_     1435336,     1907003,多,平今,5088.0,2,2022-04-07 09:20:19
458,rb2210,SHFE,0_0_     1435867,     1907478,空,开,5089.0,1,2022-04-07 09:20:21
459,rb2210,SHFE,0_0_     1435867,     1907482,空,开,5089.0,1,2022-04-07 09:20:21
460,rb2210,SHFE,0_0_     1436250,     1907700,多,平今,5088.0,1,2022-04-07 09:20:23
461,rb2210,SHFE,0_0_     1436250,     1907986,多,平今,5088.0,1,2022-04-07 09:20:24
462,rb2210,SHFE,0_0_     1436893,     1908370,空,开,5089.0,1,2022-04-07 09:20:26
463,rb2210,SHFE,0_0_     1440481,     1912690,多,平今,5087.0,3,2022-04-07 09:20:57
464,rb2210,SHFE,0_0_     1441023,     1914749,空,开,5088.0,1,2022-04-07 09:21:04
465,rb2210,SHFE,0_0_     1441023,     1914812,空,开,5088.0,2,2022-04-07 09:21:04
466,rb2210,SHFE,0_0_     1424790,     1917718,空,平今,5091.0,3,2022-04-07 09:21:18
467,rb2210,SHFE,0_0_     1424790,     1917720,空,平今,5091.0,1,2022-04-07 09:21:18
468,rb2210,SHFE,0_0_     1444801,     1918966,多,平今,5090.0,1,2022-04-07 09:21:25
469,rb2210,SHFE,0_0_     1446432,     1926791,多,开,5089.0,1,2022-04-07 09:22:21
470,rb2210,SHFE,0_0_     1446432,     1926792,多,开,5089.0,3,2022-04-07 09:22:21
471,rb2210,SHFE,0_0_     1451913,     1927221,空,平今,5090.0,4,2022-04-07 09:22:24
472,rb2210,SHFE,0_0_     1452261,     1927294,多,开,5089.000000000001,1,2022-04-07 09:22:25
473,rb2210,SHFE,0_0_     1452261,     1927295,多,开,5089.000000000001,3,2022-04-07 09:22:25
474,rb2210,SHFE,0_0_     1452360,     1927804,空,平今,5090.0,4,2022-04-07 09:22:29
475,rb2210,SHFE,0_0_     1452821,     1928063,多,开,5089.0,4,2022-04-07 09:22:30
476,rb2210,SHFE,0_0_     1462465,     1945012,空,平今,5092.0,1,2022-04-07 09:24:18
477,rb2210,SHFE,0_0_     1470874,     1946676,多,开,5091.0,1,2022-04-07 09:24:28
478,rb2210,SHFE,0_0_     1442301,     1950679,多,平今,5087.0,1,2022-04-07 09:24:51
479,rb2210,SHFE,0_0_     1481111,     1960535,空,平今,5087.0,2,2022-04-07 09:25:38
480,rb2210,SHFE,0_0_     1481823,     1960982,多,开,5086.0,2,2022-04-07 09:25:41
481,rb2210,SHFE,0_0_     1482819,     1961656,空,平今,5086.0,1,2022-04-07 09:25:44
482,rb2210,SHFE,0_0_     1482819,     1961657,空,平今,5086.0,1,2022-04-07 09:25:44
483,rb2210,SHFE,0_0_     1482996,     1961935,空,开,5086.0,4,2022-04-07 09:25:45
484,rb2210,SHFE,0_0_     1482996,     1961937,空,开,5086.0,2,2022-04-07 09:25:45
485,rb2210,SHFE,0_0_     1482996,     1961944,空,开,5086.0,1,2022-04-07 09:25:45
486,rb2210,SHFE,0_0_     1482834,     1962915,多,开,5085.000000000001,2,2022-04-07 09:25:51
487,rb2210,SHFE,0_0_     1484258,     1963105,多,平今,5085.0,2,2022-04-07 09:25:52
488,rb2210,SHFE,0_0_     1484322,     1963177,多,平今,5085.0,1,2022-04-07 09:25:53
489,rb2210,SHFE,0_0_     1484322,     1963182,多,平今,5085.0,1,2022-04-07 09:25:53
490,rb2210,SHFE,0_0_     1484322,     1963207,多,平今,5085.0,3,2022-04-07 09:25:53
491,rb2210,SHFE,0_0_     1484450,     1963584,空,平今,5086.0,2,2022-04-07 09:25:55
492,rb2210,SHFE,0_0_     1485170,     1964267,多,开,5088.0,3,2022-04-07 09:25:58
493,rb2210,SHFE,0_0_     1491265,     1972953,空,开,5082.0,3,2022-04-07 09:26:36
494,rb2210,SHFE,0_0_     1492422,     1976202,空,开,5083.0,2,2022-04-07 09:26:45
495,rb2210,SHFE,0_0_     1493466,     1978089,多,平今,5080.0,4,2022-04-07 09:26:54
496,rb2210,SHFE,0_0_     1493598,     1978846,空,平今,5081.0,1,2022-04-07 09:26:56
497,rb2210,SHFE,0_0_     1493869,     1979001,多,平今,5080.0,1,2022-04-07 09:26:56
498,rb2210,SHFE,0_0_     1494379,     1980218,空,开,5078.0,6,2022-04-07 09:27:01
499,rb2210,SHFE,0_0_     1494674,     1983105,空,平今,5076.0,1,2022-04-07 09:27:03
500,rb2210,SHFE,0_0_     1494674,     1983110,空,平今,5076.0,2,2022-04-07 09:27:03
501,rb2210,SHFE,0_0_     1495555,     1984391,多,开,5077.0,4,2022-04-07 09:27:07
502,rb2210,SHFE,0_0_     1495247,     1984839,多,平今,5075.0,2,2022-04-07 09:27:09
503,rb2210,SHFE,0_0_     1495247,     1984847,多,平今,5075.0,1,2022-04-07 09:27:09
504,rb2210,SHFE,0_0_     1495247,     1984850,多,平今,5075.0,1,2022-04-07 09:27:09
505,rb2210,SHFE,0_0_     1495821,     1985203,空,平今,5076.0,4,2022-04-07 09:27:10
506,rb2210,SHFE,0_0_     1496264,     1986181,空,平今,5073.0,2,2022-04-07 09:27:13
507,rb2210,SHFE,0_0_     1496282,     1986864,多,平今,5072.0,1,2022-04-07 09:27:15
508,rb2210,SHFE,0_0_     1496282,     1986872,多,平今,5072.0,1,2022-04-07 09:27:15
509,rb2210,SHFE,0_0_     1496483,     1987783,空,平今,5073.0,1,2022-04-07 09:27:17
510,rb2210,SHFE,0_0_     1496483,     1987833,空,平今,5073.0,1,2022-04-07 09:27:17
511,rb2210,SHFE,0_0_     1496671,     1987835,多,开,5072.0,1,2022-04-07 09:27:17
512,rb2210,SHFE,0_0_     1496671,     1987836,多,开,5072.0,1,2022-04-07 09:27:17
513,rb2210,SHFE,0_0_     1496810,     1988534,空,开,5071.0,1,2022-04-07 09:27:18
514,rb2210,SHFE,0_0_     1496765,     1989345,空,开,5072.0,1,2022-04-07 09:27:21
515,rb2210,SHFE,0_0_     1496765,     1989412,空,开,5072.0,1,2022-04-07 09:27:22
516,rb2210,SHFE,0_0_     1496765,     1989440,空,开,5072.0,2,2022-04-07 09:27:22
517,rb2210,SHFE,0_0_     1497129,     1989563,多,平今,5071.0,3,2022-04-07 09:27:22
518,rb2210,SHFE,0_0_     1497169,     1989715,空,开,5072.0,1,2022-04-07 09:27:22
519,rb2210,SHFE,0_0_     1497192,     1989816,多,开,5071.0,6,2022-04-07 09:27:23
520,rb2210,SHFE,0_0_     1497169,     1990037,空,开,5072.0,2,2022-04-07 09:27:23
521,rb2210,SHFE,0_0_     1497305,     1990899,空,平今,5072.0,4,2022-04-07 09:27:26
522,rb2210,SHFE,0_0_     1497809,     1990909,多,平今,5071.0,2,2022-04-07 09:27:26
523,rb2210,SHFE,0_0_     1497809,     1990910,多,平今,5071.0,2,2022-04-07 09:27:26
524,rb2210,SHFE,0_0_     1498817,     1991491,空,开,5071.0,6,2022-04-07 09:27:29
525,rb2210,SHFE,0_0_     1498882,     1991724,多,平今,5070.0,3,2022-04-07 09:27:30
526,rb2210,SHFE,0_0_     1498950,     1993241,空,开,5071.0,3,2022-04-07 09:27:35
527,rb2210,SHFE,0_0_     1496672,     1994477,空,平今,5073.0,2,2022-04-07 09:27:40
528,rb2210,SHFE,0_0_     1500795,     1995159,多,平今,5072.0,4,2022-04-07 09:27:43
529,rb2210,SHFE,0_0_     1501307,     1995310,多,平今,5073.0,1,2022-04-07 09:27:43
530,rb2210,SHFE,0_0_     1501307,     1995316,多,平今,5073.0,1,2022-04-07 09:27:43
531,rb2210,SHFE,0_0_     1501307,     1995331,多,平今,5073.0,1,2022-04-07 09:27:43
532,rb2210,SHFE,0_0_     1501313,     1995375,空,开,5074.0,4,2022-04-07 09:27:43
533,rb2210,SHFE,0_0_     1501307,     1995427,多,平今,5073.0,1,2022-04-07 09:27:43
534,rb2210,SHFE,0_0_     1501367,     1995678,多,平今,5073.0,3,2022-04-07 09:27:45
535,rb2210,SHFE,0_0_     1501568,     1995776,空,开,5074.0,2,2022-04-07 09:27:45
536,rb2210,SHFE,0_0_     1501568,     1995780,空,开,5074.0,1,2022-04-07 09:27:45
537,rb2210,SHFE,0_0_     1501630,     1995896,多,平今,5073.000000000001,3,2022-04-07 09:27:46
538,rb2210,SHFE,0_0_     1502288,     1996793,空,开,5072.0,3,2022-04-07 09:27:51
539,rb2210,SHFE,0_0_     1503607,     1999328,多,平今,5071.0,1,2022-04-07 09:28:02
540,rb2210,SHFE,0_0_     1503607,     1999469,多,平今,5071.0,1,2022-04-07 09:28:03
541,rb2210,SHFE,0_0_     1506148,     2004624,多,开,5070.0,4,2022-04-07 09:28:27
542,rb2210,SHFE,0_0_     1507931,     2004631,空,平今,5071.0,1,2022-04-07 09:28:27
543,rb2210,SHFE,0_0_     1507931,     2004701,空,平今,5071.0,1,2022-04-07 09:28:28
544,rb2210,SHFE,0_0_     1507931,     2004705,空,平今,5071.0,1,2022-04-07 09:28:28
545,rb2210,SHFE,0_0_     1507931,     2004738,空,平今,5071.0,1,2022-04-07 09:28:28
546,rb2210,SHFE,0_0_     1509191,     2007342,空,平今,5071.0,2,2022-04-07 09:28:39
547,rb2210,SHFE,0_0_     1509962,     2009086,多,开,5071.0,3,2022-04-07 09:28:48
548,rb2210,SHFE,0_0_     1511174,     2009796,空,平今,5071.0,1,2022-04-07 09:28:50
549,rb2210,SHFE,0_0_     1511420,     2011621,空,开,5071.0,1,2022-04-07 09:28:57
550,rb2210,SHFE,0_0_     1515534,     2018088,多,平今,5067.0,3,2022-04-07 09:29:20
551,rb2210,SHFE,0_0_     1516990,     2020027,空,开,5067.0,3,2022-04-07 09:29:28
552,rb2210,SHFE,0_0_     1518861,     2022967,多,开,5067.0,4,2022-04-07 09:29:41
553,rb2210,SHFE,0_0_     1519938,     2024206,空,平今,5067.0,1,2022-04-07 09:29:47
554,rb2210,SHFE,0_0_     1519938,     2024274,空,平今,5067.0,3,2022-04-07 09:29:47
555,rb2210,SHFE,0_0_     1520577,     2025494,多,平今,5066.0,3,2022-04-07 09:29:52
556,rb2210,SHFE,0_0_     1521285,     2026628,空,开,5067.0,3,2022-04-07 09:29:55
557,rb2210,SHFE,0_0_     1521520,     2026953,多,开,5066.0,1,2022-04-07 09:29:56
558,rb2210,SHFE,0_0_     1521520,     2026954,多,开,5066.0,1,2022-04-07 09:29:56
559,rb2210,SHFE,0_0_     1521520,     2026966,多,开,5066.0,2,2022-04-07 09:29:56
560,rb2210,SHFE,0_0_     1523079,     2032603,空,平今,5068.0,1,2022-04-07 09:30:06
561,rb2210,SHFE,0_0_     1523079,     2032648,空,平今,5068.0,1,2022-04-07 09:30:07
562,rb2210,SHFE,0_0_     1523079,     2032676,空,平今,5068.0,1,2022-04-07 09:30:07
563,rb2210,SHFE,0_0_     1523079,     2032699,空,平今,5068.0,1,2022-04-07 09:30:07
564,rb2210,SHFE,0_0_     1512791,     2036665,空,开,5071.0,2,2022-04-07 09:30:20
565,rb2210,SHFE,0_0_     1526813,     2037893,多,平今,5072.0,1,2022-04-07 09:30:25
566,rb2210,SHFE,0_0_     1526813,     2037894,多,平今,5072.0,1,2022-04-07 09:30:25
567,rb2210,SHFE,0_0_     1526813,     2037895,多,平今,5072.0,1,2022-04-07 09:30:25
568,rb2210,SHFE,0_0_     1538372,     2052271,多,开,5072.0,4,2022-04-07 09:31:26
569,rb2210,SHFE,0_0_     1538373,     2052549,空,平今,5073.0,4,2022-04-07 09:31:28
570,rb2210,SHFE,0_0_     1538642,     2052734,多,开,5072.0,4,2022-04-07 09:31:29
571,rb2210,SHFE,0_0_     1539180,     2053707,空,平今,5073.0,4,2022-04-07 09:31:35
572,rb2210,SHFE,0_0_     1501659,     2054046,空,开,5074.0,3,2022-04-07 09:31:37
573,rb2210,SHFE,0_0_     1540988,     2057115,多,平今,5074.0,4,2022-04-07 09:31:55
574,rb2210,SHFE,0_0_     1548857,     2062593,空,平今,5076.0,1,2022-04-07 09:32:26
575,rb2210,SHFE,0_0_     1552948,     2067280,空,开,5079.0,4,2022-04-07 09:32:53
576,rb2210,SHFE,0_0_     1553004,     2067449,多,平今,5079.0,2,2022-04-07 09:32:54
577,rb2210,SHFE,0_0_     1553055,     2067480,空,开,5079.0,1,2022-04-07 09:32:54
578,rb2210,SHFE,0_0_     1553055,     2067481,空,开,5079.0,1,2022-04-07 09:32:54
579,rb2210,SHFE,0_0_     1553581,     2068208,多,平今,5079.0,3,2022-04-07 09:32:59
580,rb2210,SHFE,0_0_     1553759,     2071277,空,开,5080.0,1,2022-04-07 09:33:19
581,rb2210,SHFE,0_0_     1553759,     2071282,空,开,5080.0,2,2022-04-07 09:33:19
582,rb2210,SHFE,0_0_     1556764,     2071877,多,平今,5079.0,1,2022-04-07 09:33:23
583,rb2210,SHFE,0_0_     1556764,     2071899,多,平今,5079.0,1,2022-04-07 09:33:23
584,rb2210,SHFE,0_0_     1556764,     2071913,多,平今,5079.0,1,2022-04-07 09:33:23
585,rb2210,SHFE,0_0_     1566327,     2082446,空,开,5086.0,3,2022-04-07 09:34:33
586,rb2210,SHFE,0_0_     1568314,     2084605,多,平今,5086.0,4,2022-04-07 09:34:44
587,rb2210,SHFE,0_0_     1568096,     2086755,空,开,5087.0,3,2022-04-07 09:34:59
588,rb2210,SHFE,0_0_     1562462,     2088348,多,开,5082.0,4,2022-04-07 09:35:04
589,rb2210,SHFE,0_0_     1571695,     2088817,空,平今,5083.0,4,2022-04-07 09:35:06
590,rb2210,SHFE,0_0_     1572007,     2089117,多,平今,5082.0,4,2022-04-07 09:35:08
591,rb2210,SHFE,0_0_     1572227,     2089939,空,开,5083.0,4,2022-04-07 09:35:11
592,rb2210,SHFE,0_0_     1572972,     2090288,多,开,5082.0,7,2022-04-07 09:35:13
593,rb2210,SHFE,0_0_     1574305,     2092020,空,开,5079.0,4,2022-04-07 09:35:20
594,rb2210,SHFE,0_0_     1576552,     2093623,空,平今,5082.0,1,2022-04-07 09:35:32
595,rb2210,SHFE,0_0_     1573153,     2093683,空,平今,5083.0,3,2022-04-07 09:35:33
596,rb2210,SHFE,0_0_     1577066,     2094175,多,平今,5081.0,1,2022-04-07 09:35:37
597,rb2210,SHFE,0_0_     1573153,     2094929,空,平今,5083.0,1,2022-04-07 09:35:43
598,rb2210,SHFE,0_0_     1573153,     2094994,空,平今,5083.0,1,2022-04-07 09:35:43
599,rb2210,SHFE,0_0_     1573153,     2095032,空,平今,5083.0,1,2022-04-07 09:35:44
600,rb2210,SHFE,0_0_     1573153,     2095035,空,平今,5083.0,1,2022-04-07 09:35:44
601,rb2210,SHFE,0_0_     1583920,     2099084,多,平今,5080.0,4,2022-04-07 09:36:16
602,rb2210,SHFE,0_0_     1584667,     2099702,空,开,5081.000000000001,3,2022-04-07 09:36:21
603,rb2210,SHFE,0_0_     1584874,     2099735,多,平今,5080.0,3,2022-04-07 09:36:21
604,rb2210,SHFE,0_0_     1584883,     2100066,空,开,5081.0,1,2022-04-07 09:36:23
605,rb2210,SHFE,0_0_     1584883,     2100081,空,开,5081.0,1,2022-04-07 09:36:24
606,rb2210,SHFE,0_0_     1584883,     2100227,空,开,5081.0,1,2022-04-07 09:36:24
607,rb2210,SHFE,0_0_     1585201,     2100322,多,平今,5080.000000000001,2,2022-04-07 09:36:24
608,rb2210,SHFE,0_0_     1585331,     2102523,空,开,5081.0,1,2022-04-07 09:36:42
609,rb2210,SHFE,0_0_     1585331,     2102524,空,开,5081.0,1,2022-04-07 09:36:42
610,rb2210,SHFE,0_0_     1588771,     2104390,多,开,5082.0,1,2022-04-07 09:36:54
611,rb2210,SHFE,0_0_     1588771,     2104449,多,开,5082.0,1,2022-04-07 09:36:55
612,rb2210,SHFE,0_0_     1588771,     2104450,多,开,5082.0,1,2022-04-07 09:36:55
613,rb2210,SHFE,0_0_     1588771,     2104480,多,开,5082.0,1,2022-04-07 09:36:55
614,rb2210,SHFE,0_0_     1588771,     2104484,多,开,5082.0,4,2022-04-07 09:36:55
615,rb2210,SHFE,0_0_     1590539,     2104578,空,平今,5083.0,2,2022-04-07 09:36:56
616,rb2210,SHFE,0_0_     1590539,     2104587,空,平今,5083.0,1,2022-04-07 09:36:56
617,rb2210,SHFE,0_0_     1590539,     2104589,空,平今,5083.0,1,2022-04-07 09:36:56
618,rb2210,SHFE,0_0_     1595285,     2109464,多,开,5088.0,1,2022-04-07 09:37:29
619,rb2210,SHFE,0_0_     1595285,     2109518,多,开,5088.0,1,2022-04-07 09:37:30
620,rb2210,SHFE,0_0_     1595285,     2109539,多,开,5088.0,1,2022-04-07 09:37:30
621,rb2210,SHFE,0_0_     1595285,     2109541,多,开,5088.0,1,2022-04-07 09:37:30
622,rb2210,SHFE,0_0_     1595619,     2110397,空,平今,5089.0,3,2022-04-07 09:37:34
623,rb2210,SHFE,0_0_     1596358,     2110511,多,开,5088.0,3,2022-04-07 09:37:34
624,rb2210,SHFE,0_0_     1596409,     2110578,空,平今,5089.0,3,2022-04-07 09:37:34
625,rb2210,SHFE,0_0_     1596420,     2110597,多,开,5088.0,3,2022-04-07 09:37:35
626,rb2210,SHFE,0_0_     1603324,     2118702,空,平今,5090.0,4,2022-04-07 09:38:13
627,rb2210,SHFE,0_0_     1603871,     2119429,多,平今,5090.0,1,2022-04-07 09:38:16
628,rb2210,SHFE,0_0_     1605785,     2122297,多,平今,5092.0,3,2022-04-07 09:38:27
629,rb2210,SHFE,0_0_     1605785,     2122342,多,平今,5092.0,1,2022-04-07 09:38:27
630,rb2210,SHFE,0_0_     1606287,     2122840,空,平今,5092.0,3,2022-04-07 09:38:30
631,rb2210,SHFE,0_0_     1606287,     2122843,空,平今,5092.0,1,2022-04-07 09:38:30
632,rb2210,SHFE,0_0_     1607449,     2124725,多,开,5093.0,8,2022-04-07 09:38:39
633,rb2210,SHFE,0_0_     1607529,     2125095,空,平今,5094.000000000001,1,2022-04-07 09:38:40
634,rb2210,SHFE,0_0_     1607529,     2125096,空,平今,5094.000000000001,3,2022-04-07 09:38:40
635,rb2210,SHFE,0_0_     1607824,     2125394,空,平今,5094.0,4,2022-04-07 09:38:41
636,rb2210,SHFE,0_0_     1609500,     2127283,多,开,5095.0,4,2022-04-07 09:38:50
637,rb2210,SHFE,0_0_     1609500,     2127284,多,开,5095.0,1,2022-04-07 09:38:50
638,rb2210,SHFE,0_0_     1609500,     2127285,多,开,5095.0,1,2022-04-07 09:38:50
639,rb2210,SHFE,0_0_     1609500,     2127286,多,开,5095.0,1,2022-04-07 09:38:50
640,rb2210,SHFE,0_0_     1609500,     2127287,多,开,5095.0,1,2022-04-07 09:38:50
641,rb2210,SHFE,0_0_     1610079,     2128490,空,平今,5097.0,2,2022-04-07 09:38:55
642,rb2210,SHFE,0_0_     1610079,     2128493,空,平今,5097.0,2,2022-04-07 09:38:55
643,rb2210,SHFE,0_0_     1610479,     2128516,多,开,5096.0,4,2022-04-07 09:38:55
644,rb2210,SHFE,0_0_     1610496,     2129726,空,平今,5097.0,1,2022-04-07 09:39:00
645,rb2210,SHFE,0_0_     1610496,     2129728,空,平今,5097.0,1,2022-04-07 09:39:00
646,rb2210,SHFE,0_0_     1610496,     2129730,空,平今,5097.0,2,2022-04-07 09:39:00
647,rb2210,SHFE,0_0_     1611547,     2130013,多,开,5096.0,4,2022-04-07 09:39:01
648,rb2210,SHFE,0_0_     1621684,     2139227,空,平今,5096.0,1,2022-04-07 09:39:55
649,rb2210,SHFE,0_0_     1621908,     2139238,多,开,5095.0,1,2022-04-07 09:39:56
650,rb2210,SHFE,0_0_     1604605,     2145614,多,平今,5090.0,1,2022-04-07 09:40:33
651,rb2210,SHFE,0_0_     1629901,     2147545,空,平今,5093.0,2,2022-04-07 09:40:49
652,rb2210,SHFE,0_0_     1629901,     2147755,空,平今,5093.0,2,2022-04-07 09:40:51
653,rb2210,SHFE,0_0_     1630667,     2147765,多,开,5092.0,2,2022-04-07 09:40:51
654,rb2210,SHFE,0_0_     1634082,     2151651,多,开,5090.0,2,2022-04-07 09:41:17
655,rb2210,SHFE,0_0_     1635579,     2153425,空,平今,5091.0,2,2022-04-07 09:41:28
656,rb2210,SHFE,0_0_     1636480,     2153735,多,开,5091.0,2,2022-04-07 09:41:31
657,rb2210,SHFE,0_0_     1630680,     2157779,空,平今,5093.0,2,2022-04-07 09:41:55
658,rb2210,SHFE,0_0_     1641471,     2158728,多,开,5092.0,1,2022-04-07 09:41:58
659,rb2210,SHFE,0_0_     1643087,     2159795,空,平今,5094.0,1,2022-04-07 09:42:04
660,rb2210,SHFE,0_0_     1643115,     2160209,多,开,5093.0,1,2022-04-07 09:42:06
661,rb2210,SHFE,0_0_     1643500,     2160237,空,平今,5094.0,1,2022-04-07 09:42:06
662,rb2210,SHFE,0_0_     1643500,     2160279,空,平今,5094.0,1,2022-04-07 09:42:06
663,rb2210,SHFE,0_0_     1643500,     2160284,空,平今,5094.0,4,2022-04-07 09:42:06
664,rb2210,SHFE,0_0_     1643528,     2160881,多,开,5093.0,1,2022-04-07 09:42:09
665,rb2210,SHFE,0_0_     1643528,     2161061,多,开,5093.0,2,2022-04-07 09:42:09
666,rb2210,SHFE,0_0_     1643528,     2161215,多,开,5093.0,1,2022-04-07 09:42:10
667,rb2210,SHFE,0_0_     1643528,     2161465,多,开,5093.0,1,2022-04-07 09:42:11
668,rb2210,SHFE,0_0_     1643528,     2161766,多,开,5093.0,1,2022-04-07 09:42:13
669,rb2210,SHFE,0_0_     1641471,     2162081,多,开,5092.0,1,2022-04-07 09:42:14
670,rb2210,SHFE,0_0_     1645144,     2162227,空,平今,5093.0,2,2022-04-07 09:42:15
671,rb2210,SHFE,0_0_     1645144,     2162319,空,平今,5093.0,3,2022-04-07 09:42:15
672,rb2210,SHFE,0_0_     1645850,     2162857,多,开,5092.0,2,2022-04-07 09:42:18
673,rb2210,SHFE,0_0_     1645850,     2162859,多,开,5092.0,2,2022-04-07 09:42:18
674,rb2210,SHFE,0_0_     1645930,     2163301,空,开,5093.0,4,2022-04-07 09:42:22
675,rb2210,SHFE,0_0_     1645930,     2163302,空,开,5093.0,2,2022-04-07 09:42:22
676,rb2210,SHFE,0_0_     1645930,     2163303,空,开,5093.0,2,2022-04-07 09:42:22
677,rb2210,SHFE,0_0_     1646627,     2163968,多,平今,5092.0,2,2022-04-07 09:42:27
678,rb2210,SHFE,0_0_     1646715,     2163992,多,平今,5092.0,4,2022-04-07 09:42:28
679,rb2210,SHFE,0_0_     1648399,     2164828,多,平今,5091.0,1,2022-04-07 09:42:33
680,rb2210,SHFE,0_0_     1649022,     2165194,多,平今,5092.0,1,2022-04-07 09:42:37
681,rb2210,SHFE,0_0_     1647370,     2165964,空,平今,5093.0,4,2022-04-07 09:42:42
682,rb2210,SHFE,0_0_     1649869,     2166143,多,开,5093.0,1,2022-04-07 09:42:43
683,rb2210,SHFE,0_0_     1644864,     2166154,空,平今,5094.0,1,2022-04-07 09:42:43
684,rb2210,SHFE,0_0_     1650913,     2166764,空,开,5094.0,1,2022-04-07 09:42:48
685,rb2210,SHFE,0_0_     1650913,     2166772,空,开,5094.0,1,2022-04-07 09:42:48
686,rb2210,SHFE,0_0_     1650913,     2166791,空,开,5094.0,6,2022-04-07 09:42:48
687,rb2210,SHFE,0_0_     1652522,     2168874,多,平今,5094.0,1,2022-04-07 09:43:01
688,rb2210,SHFE,0_0_     1652522,     2168880,多,平今,5094.0,1,2022-04-07 09:43:01
689,rb2210,SHFE,0_0_     1651101,     2169576,多,平今,5093.0,6,2022-04-07 09:43:07
690,rb2210,SHFE,0_0_     1653837,     2170020,空,开,5094.0,6,2022-04-07 09:43:12
691,rb2210,SHFE,0_0_     1654244,     2171482,多,平今,5093.0,6,2022-04-07 09:43:27
692,rb2210,SHFE,0_0_     1655675,     2171503,空,开,5094.0,6,2022-04-07 09:43:27
693,rb2210,SHFE,0_0_     1621913,     2173409,空,平今,5096.0,1,2022-04-07 09:43:40
694,rb2210,SHFE,0_0_     1657183,     2173628,多,开,5095.0,1,2022-04-07 09:43:42
695,rb2210,SHFE,0_0_     1663617,     2181236,空,平今,5096.0,3,2022-04-07 09:44:24
696,rb2210,SHFE,0_0_     1664313,     2181423,多,开,5095.0,1,2022-04-07 09:44:25
697,rb2210,SHFE,0_0_     1668458,     2185796,多,开,5097.0,1,2022-04-07 09:44:59
698,rb2210,SHFE,0_0_     1664313,     2186960,多,开,5095.0,1,2022-04-07 09:45:06
699,rb2210,SHFE,0_0_     1664313,     2187381,多,开,5095.0,1,2022-04-07 09:45:07
700,rb2210,SHFE,0_0_     1671515,     2187461,空,平今,5096.0,1,2022-04-07 09:45:08
701,rb2210,SHFE,0_0_     1655698,     2191177,多,平今,5093.0,1,2022-04-07 09:45:35
702,rb2210,SHFE,0_0_     1655698,     2191298,多,平今,5093.0,1,2022-04-07 09:45:36
703,rb2210,SHFE,0_0_     1655698,     2191299,多,平今,5093.0,1,2022-04-07 09:45:36
704,rb2210,SHFE,0_0_     1675911,     2191378,空,平今,5094.0,1,2022-04-07 09:45:37
705,rb2210,SHFE,0_0_     1655698,     2191470,多,平今,5093.0,2,2022-04-07 09:45:37
706,rb2210,SHFE,0_0_     1655698,     2191546,多,平今,5093.0,1,2022-04-07 09:45:38
707,rb2210,SHFE,0_0_     1676425,     2193650,空,开,5095.000000000001,1,2022-04-07 09:45:52
708,rb2210,SHFE,0_0_     1676425,     2193651,空,开,5095.000000000001,1,2022-04-07 09:45:52
709,rb2210,SHFE,0_0_     1676425,     2193655,空,开,5095.000000000001,1,2022-04-07 09:45:52
710,rb2210,SHFE,0_0_     1676425,     2193656,空,开,5095.000000000001,1,2022-04-07 09:45:52
711,rb2210,SHFE,0_0_     1682197,     2196949,多,平今,5099.0,2,2022-04-07 09:46:17
712,rb2210,SHFE,0_0_     1682197,     2196953,多,平今,5099.0,1,2022-04-07 09:46:17
713,rb2210,SHFE,0_0_     1682197,     2196956,多,平今,5099.0,1,2022-04-07 09:46:17
714,rb2210,SHFE,0_0_     1685687,     2202295,多,开,5106.0,1,2022-04-07 09:46:42
715,rb2210,SHFE,0_0_     1692309,     2211950,多,开,5112.0,4,2022-04-07 09:47:17
716,rb2210,SHFE,0_0_     1692942,     2212668,空,平今,5113.0,3,2022-04-07 09:47:20
717,rb2210,SHFE,0_0_     1693218,     2213510,多,开,5115.0,3,2022-04-07 09:47:22
718,rb2210,SHFE,0_0_     1693254,     2213525,空,平今,5116.0,3,2022-04-07 09:47:22
719,rb2210,SHFE,0_0_     1693255,     2213543,多,开,5115.0,1,2022-04-07 09:47:22
720,rb2210,SHFE,0_0_     1693255,     2213544,多,开,5115.0,1,2022-04-07 09:47:22
721,rb2210,SHFE,0_0_     1693255,     2213548,多,开,5115.0,1,2022-04-07 09:47:22
722,rb2210,SHFE,0_0_     1693273,     2213556,空,平今,5116.0,1,2022-04-07 09:47:22
723,rb2210,SHFE,0_0_     1693273,     2213562,空,平今,5116.0,1,2022-04-07 09:47:22
724,rb2210,SHFE,0_0_     1693273,     2213563,空,平今,5116.0,1,2022-04-07 09:47:22
725,rb2210,SHFE,0_0_     1693276,     2213685,多,开,5115.0,3,2022-04-07 09:47:23
726,rb2210,SHFE,0_0_     1693314,     2213687,空,平今,5116.0,3,2022-04-07 09:47:23
727,rb2210,SHFE,0_0_     1693315,     2213806,多,开,5115.0,3,2022-04-07 09:47:23
728,rb2210,SHFE,0_0_     1693339,     2213966,空,平今,5116.0,3,2022-04-07 09:47:24
729,rb2210,SHFE,0_0_     1693404,     2213976,多,开,5115.0,3,2022-04-07 09:47:24
730,rb2210,SHFE,0_0_     1693407,     2214184,空,平今,5116.0,2,2022-04-07 09:47:25
731,rb2210,SHFE,0_0_     1693407,     2214199,空,平今,5116.0,1,2022-04-07 09:47:26
732,rb2210,SHFE,0_0_     1693764,     2214480,空,平今,5114.0,1,2022-04-07 09:47:27
733,rb2210,SHFE,0_0_     1705841,     2226457,空,平今,5108.0,2,2022-04-07 09:48:47
734,rb2210,SHFE,0_0_     1706123,     2226553,多,开,5107.0,1,2022-04-07 09:48:47
735,rb2210,SHFE,0_0_     1706123,     2226554,多,开,5107.0,1,2022-04-07 09:48:47
736,rb2210,SHFE,0_0_     1714071,     2234436,多,开,5105.0,3,2022-04-07 09:49:51
737,rb2210,SHFE,0_0_     1716210,     2236253,空,开,5102.0,8,2022-04-07 09:50:10
738,rb2210,SHFE,0_0_     1719754,     2239780,多,平今,5103.0,3,2022-04-07 09:50:40
739,rb2210,SHFE,0_0_     1729344,     2247775,空,平今,5104.0,1,2022-04-07 09:51:56
740,rb2210,SHFE,0_0_     1729612,     2248851,多,平今,5103.0,1,2022-04-07 09:52:04
741,rb2210,SHFE,0_0_     1739583,     2256085,多,平今,5102.0,1,2022-04-07 09:53:11
742,rb2210,SHFE,0_0_     1739583,     2256097,多,平今,5102.0,1,2022-04-07 09:53:12
743,rb2210,SHFE,0_0_     1749510,     2263764,多,平今,5105.0,1,2022-04-07 09:54:44
744,rb2210,SHFE,0_0_     1752159,     2264150,空,平今,5106.0,2,2022-04-07 09:54:52
745,rb2210,SHFE,0_0_     1755436,     2266164,空,平今,5102.0,1,2022-04-07 09:55:17
746,rb2210,SHFE,0_0_     1755674,     2266313,多,平今,5101.0,1,2022-04-07 09:55:19
747,rb2210,SHFE,0_0_     1755887,     2267025,空,平今,5102.0,1,2022-04-07 09:55:24
748,rb2210,SHFE,0_0_     1756494,     2267420,多,开,5101.0,1,2022-04-07 09:55:26
749,rb2210,SHFE,0_0_     1756931,     2267591,空,平今,5102.0,1,2022-04-07 09:55:29
750,rb2210,SHFE,0_0_     1753643,     2268591,空,平今,5105.0,1,2022-04-07 09:55:40
751,rb2210,SHFE,0_0_     1759512,     2269315,空,开,5104.0,1,2022-04-07 09:55:53
752,rb2210,SHFE,0_0_     1757259,     2270840,多,开,5101.0,1,2022-04-07 09:56:10
753,rb2210,SHFE,0_0_     1761719,     2271057,空,平今,5102.0,1,2022-04-07 09:56:13
754,rb2210,SHFE,0_0_     1762074,     2272041,多,开,5101.0,1,2022-04-07 09:56:21
755,rb2210,SHFE,0_0_     1762074,     2272247,多,开,5101.0,1,2022-04-07 09:56:21
756,rb2210,SHFE,0_0_     1763610,     2272525,空,平今,5102.0,1,2022-04-07 09:56:23
757,rb2210,SHFE,0_0_     1759693,     2286374,空,开,5104.0,1,2022-04-07 09:58:56
758,rb2210,SHFE,0_0_     1782343,     2286552,多,平今,5103.0,1,2022-04-07 09:58:59
759,rb2210,SHFE,0_0_     1786742,     2289866,空,开,5100.0,2,2022-04-07 09:59:34
760,rb2210,SHFE,0_0_     1795840,     2296870,多,平今,5098.0,1,2022-04-07 10:00:27
761,rb2210,SHFE,0_0_     1795973,     2296901,空,平今,5099.0,1,2022-04-07 10:00:28
762,rb2210,SHFE,0_0_     1796233,     2297123,空,开,5099.0,1,2022-04-07 10:00:28
763,rb2210,SHFE,0_0_     1796242,     2299126,多,平今,5098.0,1,2022-04-07 10:00:49
764,rb2210,SHFE,0_0_     1799578,     2299740,空,开,5099.0,1,2022-04-07 10:00:56
765,rb2210,SHFE,0_0_     1800692,     2299806,多,平今,5098.0,1,2022-04-07 10:00:57
766,rb2210,SHFE,0_0_     1802415,     2304585,多,平今,5098.0,2,2022-04-07 10:01:57
767,rb2210,SHFE,0_0_     1809024,     2305389,多,开,5098.0,1,2022-04-07 10:02:04
768,rb2210,SHFE,0_0_     1810713,     2307302,空,开,5096.0,1,2022-04-07 10:02:17
769,rb2210,SHFE,0_0_     1810713,     2307346,空,开,5096.0,1,2022-04-07 10:02:18
770,rb2210,SHFE,0_0_     1810713,     2307352,空,开,5096.0,1,2022-04-07 10:02:18
771,rb2210,SHFE,0_0_     1811666,     2307571,多,平今,5095.0,2,2022-04-07 10:02:20
772,rb2210,SHFE,0_0_     1812103,     2308138,空,开,5096.000000000001,2,2022-04-07 10:02:24
773,rb2210,SHFE,0_0_     1814865,     2310217,多,平今,5096.0,2,2022-04-07 10:02:40
774,rb2210,SHFE,0_0_     1815495,     2310658,多,开,5096.0,2,2022-04-07 10:02:46
775,rb2210,SHFE,0_0_     1816681,     2312154,多,平今,5094.0,1,2022-04-07 10:02:58
776,rb2210,SHFE,0_0_     1815837,     2316828,空,平今,5097.0,2,2022-04-07 10:03:40
777,rb2210,SHFE,0_0_     1824607,     2318080,多,开,5098.0,1,2022-04-07 10:03:57
778,rb2210,SHFE,0_0_     1824607,     2318165,多,开,5098.0,1,2022-04-07 10:03:57
779,rb2210,SHFE,0_0_     1824607,     2318346,多,开,5098.0,1,2022-04-07 10:03:59
780,rb2210,SHFE,0_0_     1824607,     2318413,多,开,5098.0,1,2022-04-07 10:03:59
781,rb2210,SHFE,0_0_     1823255,     2320544,多,开,5096.0,1,2022-04-07 10:04:21
782,rb2210,SHFE,0_0_     1823255,     2320545,多,开,5096.0,1,2022-04-07 10:04:21
783,rb2210,SHFE,0_0_     1819914,     2322887,多,开,5093.0,1,2022-04-07 10:05:01
784,rb2210,SHFE,0_0_     1833556,     2326414,空,开,5094.0,4,2022-04-07 10:05:36
785,rb2210,SHFE,0_0_     1832618,     2329048,空,平今,5095.000000000001,4,2022-04-07 10:06:04
786,rb2210,SHFE,0_0_     1827869,     2331477,空,平今,5097.0,2,2022-04-07 10:06:30
787,rb2210,SHFE,0_0_     1844801,     2332716,多,开,5098.0,4,2022-04-07 10:06:45
788,rb2210,SHFE,0_0_     1843201,     2333984,多,开,5096.000000000001,2,2022-04-07 10:07:00
789,rb2210,SHFE,0_0_     1852928,     2337658,空,开,5095.0,4,2022-04-07 10:07:37
790,rb2210,SHFE,0_0_     1852956,     2338881,多,平今,5094.0,2,2022-04-07 10:07:55
791,rb2210,SHFE,0_0_     1852956,     2338947,多,平今,5094.0,1,2022-04-07 10:07:56
792,rb2210,SHFE,0_0_     1852956,     2338952,多,平今,5094.0,1,2022-04-07 10:07:56
793,rb2210,SHFE,0_0_     1855563,     2339262,空,平今,5095.0,1,2022-04-07 10:07:59
794,rb2210,SHFE,0_0_     1857708,     2342106,空,平今,5089.0,4,2022-04-07 10:08:10
795,rb2210,SHFE,0_0_     1858221,     2342362,空,开,5088.0,1,2022-04-07 10:08:13
796,rb2210,SHFE,0_0_     1858221,     2342363,空,开,5088.0,1,2022-04-07 10:08:13
797,rb2210,SHFE,0_0_     1858221,     2342364,空,开,5088.0,1,2022-04-07 10:08:13
798,rb2210,SHFE,0_0_     1860872,     2345636,空,平今,5086.0,1,2022-04-07 10:08:37
799,rb2210,SHFE,0_0_     1859268,     2346163,空,平今,5089.0,1,2022-04-07 10:08:42
800,rb2210,SHFE,0_0_     1859268,     2346206,空,平今,5089.0,1,2022-04-07 10:08:43
801,rb2210,SHFE,0_0_     1862080,     2346539,多,平今,5088.0,1,2022-04-07 10:08:45
802,rb2210,SHFE,0_0_     1862505,     2346634,空,开,5089.0,1,2022-04-07 10:08:46
803,rb2210,SHFE,0_0_     1862531,     2346779,多,平今,5088.0,1,2022-04-07 10:08:48
804,rb2210,SHFE,0_0_     1862830,     2347213,空,开,5089.0,1,2022-04-07 10:08:53
805,rb2210,SHFE,0_0_     1863710,     2347355,多,平今,5088.0,1,2022-04-07 10:08:55
806,rb2210,SHFE,0_0_     1864857,     2348656,空,开,5084.0,1,2022-04-07 10:09:05
807,rb2210,SHFE,0_0_     1864972,     2348663,多,平今,5083.0,1,2022-04-07 10:09:05
808,rb2210,SHFE,0_0_     1864973,     2348918,空,开,5084.0,1,2022-04-07 10:09:06
809,rb2210,SHFE,0_0_     1865120,     2348929,多,平今,5083.0,1,2022-04-07 10:09:06
810,rb2210,SHFE,0_0_     1866795,     2350925,多,平今,5081.0,2,2022-04-07 10:09:17
811,rb2210,SHFE,0_0_     1870005,     2354548,多,平今,5081.0,2,2022-04-07 10:09:43
812,rb2210,SHFE,0_0_     1865134,     2359342,空,开,5084.0,1,2022-04-07 10:10:08
813,rb2210,SHFE,0_0_     1875034,     2359567,多,平今,5084.0,1,2022-04-07 10:10:10
814,rb2210,SHFE,0_0_     1876065,     2362835,多,平今,5084.0,1,2022-04-07 10:10:43
815,rb2210,SHFE,0_0_     1879487,     2362879,空,开,5085.0,4,2022-04-07 10:10:43
816,rb2210,SHFE,0_0_     1874203,     2365071,多,开,5082.0,1,2022-04-07 10:11:02
817,rb2210,SHFE,0_0_     1874203,     2365091,多,开,5082.0,2,2022-04-07 10:11:03
818,rb2210,SHFE,0_0_     1874203,     2365154,多,开,5082.0,1,2022-04-07 10:11:03
819,rb2210,SHFE,0_0_     1874203,     2365244,多,开,5082.0,4,2022-04-07 10:11:04
820,rb2210,SHFE,0_0_     1881941,     2365774,空,平今,5083.0,3,2022-04-07 10:11:13
821,rb2210,SHFE,0_0_     1882216,     2365869,多,平今,5082.0,1,2022-04-07 10:11:13
822,rb2210,SHFE,0_0_     1882790,     2367268,空,平今,5082.0,4,2022-04-07 10:11:23
823,rb2210,SHFE,0_0_     1885966,     2369822,空,开,5081.0,1,2022-04-07 10:11:53
824,rb2210,SHFE,0_0_     1885966,     2369823,空,开,5081.0,3,2022-04-07 10:11:53
825,rb2210,SHFE,0_0_     1886127,     2369856,多,平今,5080.0,1,2022-04-07 10:11:53
826,rb2210,SHFE,0_0_     1886127,     2369857,多,平今,5080.0,1,2022-04-07 10:11:53
827,rb2210,SHFE,0_0_     1886127,     2369859,多,平今,5080.0,1,2022-04-07 10:11:53
828,rb2210,SHFE,0_0_     1886127,     2369880,多,平今,5080.0,1,2022-04-07 10:11:54
829,rb2210,SHFE,0_0_     1886506,     2370780,多,平今,5081.0,2,2022-04-07 10:12:05
830,rb2210,SHFE,0_0_     1882223,     2371045,空,平今,5083.0,1,2022-04-07 10:12:07
831,rb2210,SHFE,0_0_     1890130,     2376944,空,开,5084.0,2,2022-04-07 10:13:12
832,rb2210,SHFE,0_0_     1894220,     2377078,空,开,5084.0,1,2022-04-07 10:13:15
833,rb2210,SHFE,0_0_     1895574,     2380641,多,平今,5084.0,4,2022-04-07 10:13:58
834,rb2210,SHFE,0_0_     1902764,     2392803,多,开,5082.0,8,2022-04-07 10:30:28
835,rb2210,SHFE,0_0_     1902791,     2394446,空,平今,5082.0,3,2022-04-07 10:30:39
836,rb2210,SHFE,0_0_     1903065,     2396096,多,开,5081.0,1,2022-04-07 10:30:51
837,rb2210,SHFE,0_0_     1903065,     2396172,多,开,5081.0,1,2022-04-07 10:30:52
838,rb2210,SHFE,0_0_     1903065,     2396180,多,开,5081.0,1,2022-04-07 10:30:52
839,rb2210,SHFE,0_0_     1904109,     2399077,空,平今,5078.0,3,2022-04-07 10:31:07
840,rb2210,SHFE,0_0_     1904109,     2399083,空,平今,5078.0,2,2022-04-07 10:31:07
841,rb2210,SHFE,0_0_     1905412,     2400938,多,开,5077.0,2,2022-04-07 10:31:19
842,rb2210,SHFE,0_0_     1905687,     2401123,空,平今,5078.0,1,2022-04-07 10:31:20
843,rb2210,SHFE,0_0_     1905687,     2401140,空,平今,5078.0,1,2022-04-07 10:31:20
844,rb2210,SHFE,0_0_     1905852,     2401449,空,平今,5079.0,1,2022-04-07 10:31:21
845,rb2210,SHFE,0_0_     1905852,     2401450,空,平今,5079.0,1,2022-04-07 10:31:21
846,rb2210,SHFE,0_0_     1905852,     2401457,空,平今,5079.0,1,2022-04-07 10:31:21
847,rb2210,SHFE,0_0_     1905908,     2401630,多,平今,5078.0,1,2022-04-07 10:31:23
848,rb2210,SHFE,0_0_     1906025,     2401742,空,开,5079.0,1,2022-04-07 10:31:24
849,rb2210,SHFE,0_0_     1906294,     2402039,多,开,5078.0,1,2022-04-07 10:31:28
850,rb2210,SHFE,0_0_     1906294,     2402056,多,开,5078.0,1,2022-04-07 10:31:28
851,rb2210,SHFE,0_0_     1906294,     2402072,多,开,5078.0,1,2022-04-07 10:31:28
852,rb2210,SHFE,0_0_     1907744,     2403765,多,开,5082.0,4,2022-04-07 10:31:43
853,rb2210,SHFE,0_0_     1910092,     2406871,多,平今,5084.0,1,2022-04-07 10:32:04
854,rb2210,SHFE,0_0_     1915660,     2413751,空,平今,5085.0,1,2022-04-07 10:33:18
855,rb2210,SHFE,0_0_     1915660,     2413757,空,平今,5085.0,2,2022-04-07 10:33:18
856,rb2210,SHFE,0_0_     1915824,     2413833,多,开,5084.0,2,2022-04-07 10:33:20
857,rb2210,SHFE,0_0_     1916790,     2415318,空,平今,5082.0,3,2022-04-07 10:33:34
858,rb2210,SHFE,0_0_     1915993,     2416305,空,平今,5085.0,2,2022-04-07 10:33:49
859,rb2210,SHFE,0_0_     1918700,     2417492,多,开,5084.0,4,2022-04-07 10:34:01
860,rb2210,SHFE,0_0_     1917723,     2417931,多,开,5083.0,2,2022-04-07 10:34:04
861,rb2210,SHFE,0_0_     1920230,     2418617,空,开,5084.0,5,2022-04-07 10:34:10
862,rb2210,SHFE,0_0_     1920011,     2418641,空,平今,5085.0,4,2022-04-07 10:34:10
863,rb2210,SHFE,0_0_     1921058,     2419062,多,开,5084.0,1,2022-04-07 10:34:11
864,rb2210,SHFE,0_0_     1921058,     2419353,多,开,5084.0,1,2022-04-07 10:34:14
865,rb2210,SHFE,0_0_     1921058,     2419362,多,开,5084.0,1,2022-04-07 10:34:14
866,rb2210,SHFE,0_0_     1921058,     2419407,多,开,5084.0,1,2022-04-07 10:34:15
867,rb2210,SHFE,0_0_     1922254,     2419942,空,平今,5085.0,2,2022-04-07 10:34:23
868,rb2210,SHFE,0_0_     1922254,     2419943,空,平今,5085.0,2,2022-04-07 10:34:23
869,rb2210,SHFE,0_0_     1924862,     2423008,多,开,5087.0,2,2022-04-07 10:34:51
870,rb2210,SHFE,0_0_     1924862,     2423214,多,开,5087.0,1,2022-04-07 10:34:54
871,rb2210,SHFE,0_0_     1924862,     2423224,多,开,5087.0,1,2022-04-07 10:34:54
872,rb2210,SHFE,0_0_     1926018,     2423225,空,平今,5088.0,1,2022-04-07 10:34:54
873,rb2210,SHFE,0_0_     1926018,     2423235,空,平今,5088.0,1,2022-04-07 10:34:54
874,rb2210,SHFE,0_0_     1932670,     2428517,多,开,5091.0,2,2022-04-07 10:35:45
875,rb2210,SHFE,0_0_     1933221,     2428625,空,平今,5092.0,2,2022-04-07 10:35:45
876,rb2210,SHFE,0_0_     1933273,     2428667,多,开,5091.0,2,2022-04-07 10:35:46
877,rb2210,SHFE,0_0_     1942179,     2436469,空,开,5087.0,3,2022-04-07 10:36:57
878,rb2210,SHFE,0_0_     1946725,     2441263,多,平今,5090.0,1,2022-04-07 10:37:39
879,rb2210,SHFE,0_0_     1947068,     2442810,多,平今,5089.0,1,2022-04-07 10:37:52
880,rb2210,SHFE,0_0_     1949695,     2444825,空,平今,5087.0,4,2022-04-07 10:38:05
881,rb2210,SHFE,0_0_     1921057,     2447217,多,平今,5083.0,5,2022-04-07 10:38:31
882,rb2210,SHFE,0_0_     1953496,     2447236,空,开,5084.0,1,2022-04-07 10:38:31
883,rb2210,SHFE,0_0_     1953496,     2447242,空,开,5084.0,1,2022-04-07 10:38:32
884,rb2210,SHFE,0_0_     1953496,     2449211,空,开,5084.0,1,2022-04-07 10:38:47
885,rb2210,SHFE,0_0_     1953496,     2449322,空,开,5084.0,1,2022-04-07 10:38:49
886,rb2210,SHFE,0_0_     1953496,     2449372,空,开,5084.0,1,2022-04-07 10:38:49
887,rb2210,SHFE,0_0_     1956551,     2449627,多,平今,5083.0,1,2022-04-07 10:38:53
888,rb2210,SHFE,0_0_     1976305,     2465535,多,平今,5079.0,1,2022-04-07 10:41:19
889,rb2210,SHFE,0_0_     1976872,     2466047,多,平今,5079.0,3,2022-04-07 10:41:25
890,rb2210,SHFE,0_0_     1977821,     2466358,空,平今,5079.0,1,2022-04-07 10:41:29
891,rb2210,SHFE,0_0_     1977821,     2466385,空,平今,5079.0,2,2022-04-07 10:41:29
892,rb2210,SHFE,0_0_     1978095,     2466424,多,开,5078.0,2,2022-04-07 10:41:30
893,rb2210,SHFE,0_0_     1978272,     2467312,空,平今,5079.0,1,2022-04-07 10:41:38
894,rb2210,SHFE,0_0_     1978272,     2467322,空,平今,5079.0,1,2022-04-07 10:41:38
895,rb2210,SHFE,0_0_     1979393,     2467395,多,开,5078.0,2,2022-04-07 10:41:39
896,rb2210,SHFE,0_0_     1979651,     2470250,多,开,5078.0,1,2022-04-07 10:42:08
897,rb2210,SHFE,0_0_     1979651,     2472233,多,开,5078.0,1,2022-04-07 10:42:29
898,rb2210,SHFE,0_0_     1986518,     2472252,空,平今,5079.0,1,2022-04-07 10:42:29
899,rb2210,SHFE,0_0_     1993719,     2478406,多,开,5077.0,1,2022-04-07 10:43:36
900,rb2210,SHFE,0_0_     1993719,     2478505,多,开,5077.0,1,2022-04-07 10:43:38
901,rb2210,SHFE,0_0_     1995962,     2479319,多,开,5077.0,2,2022-04-07 10:43:48
902,rb2210,SHFE,0_0_     1998802,     2481245,空,平今,5078.0,1,2022-04-07 10:44:08
903,rb2210,SHFE,0_0_     1999290,     2483016,空,平今,5077.0,4,2022-04-07 10:44:18
904,rb2210,SHFE,0_0_     2002741,     2487193,多,平今,5079.0,1,2022-04-07 10:44:43
905,rb2210,SHFE,0_0_     2003303,     2487246,空,平今,5080.0,1,2022-04-07 10:44:44
906,rb2210,SHFE,0_0_     2008280,     2491597,多,开,5080.0,2,2022-04-07 10:45:18
907,rb2210,SHFE,0_0_     2021132,     2504165,空,平今,5077.0,1,2022-04-07 10:47:08
908,rb2210,SHFE,0_0_     2022796,     2505725,空,开,5075.0,1,2022-04-07 10:47:25
909,rb2210,SHFE,0_0_     2022796,     2505726,空,开,5075.0,6,2022-04-07 10:47:25
910,rb2210,SHFE,0_0_     2022796,     2505727,空,开,5075.0,1,2022-04-07 10:47:25
911,rb2210,SHFE,0_0_     2023137,     2506440,多,平今,5074.0,2,2022-04-07 10:47:30
912,rb2210,SHFE,0_0_     2023317,     2506544,多,平今,5074.0,1,2022-04-07 10:47:31
913,rb2210,SHFE,0_0_     2023729,     2507495,多,平今,5075.0,1,2022-04-07 10:47:39
914,rb2210,SHFE,0_0_     2024779,     2507884,多,平今,5075.0,1,2022-04-07 10:47:45
915,rb2210,SHFE,0_0_     2027661,     2510780,空,开,5075.0,3,2022-04-07 10:48:09
916,rb2210,SHFE,0_0_     2064431,     2551294,空,平今,5082.0,1,2022-04-07 10:55:06
917,rb2210,SHFE,0_0_     2079600,     2554097,多,平今,5085.0,5,2022-04-07 10:55:35
918,rb2210,SHFE,0_0_     2083257,     2556819,空,开,5087.0,1,2022-04-07 10:55:58
919,rb2210,SHFE,0_0_     2083257,     2556820,空,开,5087.0,5,2022-04-07 10:55:58
920,rb2210,SHFE,0_0_     2086085,     2559533,多,平今,5085.0,1,2022-04-07 10:56:17
921,rb2210,SHFE,0_0_     2086085,     2559535,多,平今,5085.0,1,2022-04-07 10:56:17
922,rb2210,SHFE,0_0_     2086085,     2559555,多,平今,5085.0,1,2022-04-07 10:56:17
923,rb2210,SHFE,0_0_     2086085,     2559564,多,平今,5085.0,1,2022-04-07 10:56:17
924,rb2210,SHFE,0_0_     2076114,     2563126,多,平今,5081.0,1,2022-04-07 10:57:00
925,rb2210,SHFE,0_0_     2091901,     2563254,空,平今,5082.0,1,2022-04-07 10:57:01
926,rb2210,SHFE,0_0_     2095959,     2565393,空,开,5082.0,5,2022-04-07 10:57:28
927,rb2210,SHFE,0_0_     2102023,     2571340,多,平今,5084.0,2,2022-04-07 10:58:40
928,rb2210,SHFE,0_0_     2105478,     2572086,多,平今,5085.0,2,2022-04-07 10:58:48
929,rb2210,SHFE,0_0_     2120092,     2582962,多,开,5077.0,8,2022-04-07 11:00:58
930,rb2210,SHFE,0_0_     2121444,     2582978,空,平今,5078.0,2,2022-04-07 11:00:59
931,rb2210,SHFE,0_0_     2121444,     2582979,空,平今,5078.0,2,2022-04-07 11:00:59
932,rb2210,SHFE,0_0_     2121494,     2583002,空,平今,5078.0,1,2022-04-07 11:00:59
933,rb2210,SHFE,0_0_     2121494,     2583010,空,平今,5078.0,2,2022-04-07 11:00:59
934,rb2210,SHFE,0_0_     2121494,     2583011,空,平今,5078.0,1,2022-04-07 11:00:59
935,rb2210,SHFE,0_0_     2131784,     2592075,空,开,5075.0,1,2022-04-07 11:02:21
936,rb2210,SHFE,0_0_     2136002,     2597730,多,平今,5071.0,1,2022-04-07 11:03:05
937,rb2210,SHFE,0_0_     2139195,     2601305,多,平今,5071.0,2,2022-04-07 11:03:35
938,rb2210,SHFE,0_0_     2139206,     2601635,空,开,5072.0,2,2022-04-07 11:03:39
939,rb2210,SHFE,0_0_     2139517,     2601697,多,平今,5071.0,2,2022-04-07 11:03:39
940,rb2210,SHFE,0_0_     2139905,     2601938,空,开,5072.0,1,2022-04-07 11:03:43
941,rb2210,SHFE,0_0_     2139905,     2601963,空,开,5072.0,3,2022-04-07 11:03:43
942,rb2210,SHFE,0_0_     2140007,     2602081,多,平今,5071.0,2,2022-04-07 11:03:45
943,rb2210,SHFE,0_0_     2131784,     2610206,空,开,5075.0,1,2022-04-07 11:05:14
944,rb2210,SHFE,0_0_     2148227,     2611654,多,平今,5074.0,2,2022-04-07 11:05:22
945,rb2210,SHFE,0_0_     2149341,     2612379,空,开,5075.0,1,2022-04-07 11:05:28
946,rb2210,SHFE,0_0_     2149341,     2612381,空,开,5075.0,1,2022-04-07 11:05:28
947,rb2210,SHFE,0_0_     2149919,     2612401,多,平今,5074.0,2,2022-04-07 11:05:28
948,rb2210,SHFE,0_0_     2149924,     2612538,空,开,5075.0,2,2022-04-07 11:05:30
949,rb2210,SHFE,0_0_     2150123,     2612629,多,平今,5075.0,1,2022-04-07 11:05:31
950,rb2210,SHFE,0_0_     2147384,     2614556,多,平今,5072.0,1,2022-04-07 11:05:56
951,rb2210,SHFE,0_0_     2156902,     2618582,空,开,5070.0,4,2022-04-07 11:06:26
952,rb2210,SHFE,0_0_     2157604,     2619413,多,平今,5069.0,1,2022-04-07 11:06:34
953,rb2210,SHFE,0_0_     2157604,     2619416,多,平今,5069.0,1,2022-04-07 11:06:34
954,rb2210,SHFE,0_0_     2157604,     2619421,多,平今,5069.0,1,2022-04-07 11:06:34
955,rb2210,SHFE,0_0_     2157604,     2619428,多,平今,5069.0,1,2022-04-07 11:06:34
956,rb2210,SHFE,0_0_     2157623,     2619576,空,开,5070.0,1,2022-04-07 11:06:35
957,rb2210,SHFE,0_0_     2157706,     2619592,多,开,5069.0,4,2022-04-07 11:06:36
958,rb2210,SHFE,0_0_     2157706,     2619619,多,开,5069.0,2,2022-04-07 11:06:36
959,rb2210,SHFE,0_0_     2158134,     2620138,空,平今,5068.0,1,2022-04-07 11:06:40
960,rb2210,SHFE,0_0_     2158134,     2620139,空,平今,5068.0,2,2022-04-07 11:06:40
961,rb2210,SHFE,0_0_     2158134,     2620140,空,平今,5068.0,1,2022-04-07 11:06:40
962,rb2210,SHFE,0_0_     2157930,     2620220,空,开,5069.0,1,2022-04-07 11:06:41
963,rb2210,SHFE,0_0_     2157930,     2620222,空,开,5069.0,1,2022-04-07 11:06:41
964,rb2210,SHFE,0_0_     2157930,     2620229,空,开,5069.0,3,2022-04-07 11:06:41
965,rb2210,SHFE,0_0_     2158243,     2620356,多,平今,5068.0,4,2022-04-07 11:06:42
966,rb2210,SHFE,0_0_     2158299,     2620421,多,平今,5068.000000000001,4,2022-04-07 11:06:43
967,rb2210,SHFE,0_0_     2158440,     2620466,多,开,5068.000000000001,3,2022-04-07 11:06:44
968,rb2210,SHFE,0_0_     2158584,     2621007,空,平今,5069.0,1,2022-04-07 11:06:49
969,rb2210,SHFE,0_0_     2158628,     2621117,空,平今,5069.0,1,2022-04-07 11:06:50
970,rb2210,SHFE,0_0_     2159282,     2621254,多,开,5068.0,1,2022-04-07 11:06:52
971,rb2210,SHFE,0_0_     2159282,     2621272,多,开,5068.0,1,2022-04-07 11:06:52
972,rb2210,SHFE,0_0_     2159282,     2621277,多,开,5068.0,1,2022-04-07 11:06:53
973,rb2210,SHFE,0_0_     2159435,     2621591,空,平今,5069.0,1,2022-04-07 11:06:56
974,rb2210,SHFE,0_0_     2159757,     2621781,空,平今,5069.0,1,2022-04-07 11:07:00
975,rb2210,SHFE,0_0_     2159757,     2621783,空,平今,5069.0,1,2022-04-07 11:07:00
976,rb2210,SHFE,0_0_     2159757,     2621787,空,平今,5069.0,1,2022-04-07 11:07:00
977,rb2210,SHFE,0_0_     2159824,     2622167,多,开,5068.0,3,2022-04-07 11:07:04
978,rb2210,SHFE,0_0_     2160289,     2622207,空,平今,5069.0,1,2022-04-07 11:07:04
979,rb2210,SHFE,0_0_     2160289,     2622212,空,平今,5069.0,1,2022-04-07 11:07:04
980,rb2210,SHFE,0_0_     2160289,     2622213,空,平今,5069.0,1,2022-04-07 11:07:04
981,rb2210,SHFE,0_0_     2162701,     2626065,空,开,5063.0,2,2022-04-07 11:07:20
982,rb2210,SHFE,0_0_     2163443,     2627463,空,开,5066.0,1,2022-04-07 11:07:27
983,rb2210,SHFE,0_0_     2163443,     2627508,空,开,5066.0,1,2022-04-07 11:07:27
984,rb2210,SHFE,0_0_     2164171,     2628544,多,平今,5064.0,4,2022-04-07 11:07:31
985,rb2210,SHFE,0_0_     2164572,     2628670,空,开,5065.0,4,2022-04-07 11:07:32
986,rb2210,SHFE,0_0_     2164699,     2628987,多,平今,5065.0,4,2022-04-07 11:07:33
987,rb2210,SHFE,0_0_     2166184,     2630231,空,开,5064.0,4,2022-04-07 11:07:42
988,rb2210,SHFE,0_0_     2166435,     2630853,空,开,5066.0,2,2022-04-07 11:07:45
989,rb2210,SHFE,0_0_     2166435,     2630922,空,开,5066.0,1,2022-04-07 11:07:45
990,rb2210,SHFE,0_0_     2166435,     2630935,空,开,5066.0,1,2022-04-07 11:07:45
991,rb2210,SHFE,0_0_     2170147,     2634883,多,平今,5065.0,1,2022-04-07 11:08:06
992,rb2210,SHFE,0_0_     2170147,     2634885,多,平今,5065.0,1,2022-04-07 11:08:06
993,rb2210,SHFE,0_0_     2170147,     2634891,多,平今,5065.0,6,2022-04-07 11:08:06
994,rb2210,SHFE,0_0_     2174949,     2640856,空,开,5065.0,8,2022-04-07 11:08:46
995,rb2210,SHFE,0_0_     2175742,     2640976,多,平今,5064.0,3,2022-04-07 11:08:47
996,rb2210,SHFE,0_0_     2175742,     2640998,多,平今,5064.0,5,2022-04-07 11:08:47
997,rb2210,SHFE,0_0_     2186373,     2650650,空,平今,5067.0,1,2022-04-07 11:10:03
998,rb2210,SHFE,0_0_     2186373,     2650653,空,平今,5067.0,1,2022-04-07 11:10:03
999,rb2210,SHFE,0_0_     2186584,     2651680,空,开,5067.0,4,2022-04-07 11:10:09
1000,rb2210,SHFE,0_0_     2187360,     2652200,多,平今,5066.0,4,2022-04-07 11:10:15
1001,rb2210,SHFE,0_0_     2189205,     2653781,多,开,5065.0,1,2022-04-07 11:10:25
1002,rb2210,SHFE,0_0_     2189205,     2653842,多,开,5065.0,1,2022-04-07 11:10:25
1003,rb2210,SHFE,0_0_     2189205,     2653887,多,开,5065.0,5,2022-04-07 11:10:25
1004,rb2210,SHFE,0_0_     2192164,     2655900,空,平今,5064.0,4,2022-04-07 11:10:44
1005,rb2210,SHFE,0_0_     2192678,     2656313,空,开,5063.0,4,2022-04-07 11:10:47
1006,rb2210,SHFE,0_0_     2193031,     2656717,空,平今,5063.0,1,2022-04-07 11:10:49
1007,rb2210,SHFE,0_0_     2193269,     2656878,多,平今,5062.0,2,2022-04-07 11:10:51
1008,rb2210,SHFE,0_0_     2193641,     2657286,多,平今,5062.0,1,2022-04-07 11:10:54
1009,rb2210,SHFE,0_0_     2194152,     2658185,多,平今,5062.0,1,2022-04-07 11:11:02
1010,rb2210,SHFE,0_0_     2194769,     2658211,空,平今,5063.0,1,2022-04-07 11:11:02
1011,rb2210,SHFE,0_0_     2195531,     2660962,多,开,5064.0,2,2022-04-07 11:11:23
1012,rb2210,SHFE,0_0_     2197205,     2661031,空,平今,5065.0,1,2022-04-07 11:11:23
1013,rb2210,SHFE,0_0_     2197205,     2661032,空,平今,5065.0,1,2022-04-07 11:11:23
1014,rb2210,SHFE,0_0_     2197207,     2661302,多,开,5064.0,5,2022-04-07 11:11:26
1015,rb2210,SHFE,0_0_     2197678,     2661551,空,开,5064.0,1,2022-04-07 11:11:28
1016,rb2210,SHFE,0_0_     2197678,     2661553,空,开,5064.0,3,2022-04-07 11:11:28
1017,rb2210,SHFE,0_0_     2197704,     2661575,空,平今,5064.0,1,2022-04-07 11:11:29
1018,rb2210,SHFE,0_0_     2197752,     2661689,空,开,5064.0,1,2022-04-07 11:11:30
1019,rb2210,SHFE,0_0_     2197752,     2661694,空,开,5064.0,1,2022-04-07 11:11:30
1020,rb2210,SHFE,0_0_     2197752,     2661697,空,开,5064.0,1,2022-04-07 11:11:30
1021,rb2210,SHFE,0_0_     2197752,     2661701,空,开,5064.0,1,2022-04-07 11:11:30
1022,rb2210,SHFE,0_0_     2198614,     2662490,多,平今,5065.0,4,2022-04-07 11:11:39
1023,rb2210,SHFE,0_0_     2199049,     2663014,空,平今,5064.0,1,2022-04-07 11:11:43
1024,rb2210,SHFE,0_0_     2199357,     2663180,空,平今,5064.0,3,2022-04-07 11:11:44
1025,rb2210,SHFE,0_0_     2197815,     2664111,多,平今,5063.0,4,2022-04-07 11:11:55
1026,rb2210,SHFE,0_0_     2200645,     2664143,空,开,5064.0,8,2022-04-07 11:11:56
1027,rb2210,SHFE,0_0_     2200710,     2664431,多,平今,5063.0,5,2022-04-07 11:12:00
1028,rb2210,SHFE,0_0_     2200710,     2664433,多,平今,5063.0,1,2022-04-07 11:12:00
1029,rb2210,SHFE,0_0_     2200710,     2664448,多,平今,5063.0,2,2022-04-07 11:12:01
1030,rb2210,SHFE,0_0_     2202074,     2665233,多,开,5062.0,4,2022-04-07 11:12:07
1031,rb2210,SHFE,0_0_     2204052,     2668340,空,开,5062.0,1,2022-04-07 11:12:25
1032,rb2210,SHFE,0_0_     2204052,     2668341,空,开,5062.0,1,2022-04-07 11:12:25
1033,rb2210,SHFE,0_0_     2204052,     2668344,空,开,5062.0,1,2022-04-07 11:12:25
1034,rb2210,SHFE,0_0_     2204052,     2668345,空,开,5062.0,1,2022-04-07 11:12:25
1035,rb2210,SHFE,0_0_     2204696,     2668823,空,开,5062.0,1,2022-04-07 11:12:30
1036,rb2210,SHFE,0_0_     2204696,     2668824,空,开,5062.0,1,2022-04-07 11:12:30
1037,rb2210,SHFE,0_0_     2202138,     2668839,空,平今,5063.0,4,2022-04-07 11:12:30
1038,rb2210,SHFE,0_0_     2204757,     2668995,多,平今,5062.0,1,2022-04-07 11:12:32
1039,rb2210,SHFE,0_0_     2204757,     2668998,多,平今,5062.0,1,2022-04-07 11:12:32
1040,rb2210,SHFE,0_0_     2204757,     2668999,多,平今,5062.0,2,2022-04-07 11:12:32
1041,rb2210,SHFE,0_0_     2205635,     2669709,多,开,5065.0,2,2022-04-07 11:12:39
1042,rb2210,SHFE,0_0_     2204980,     2675416,多,平今,5062.000000000001,2,2022-04-07 11:13:45
1043,rb2210,SHFE,0_0_     2214003,     2676202,空,平今,5064.0,1,2022-04-07 11:13:57
1044,rb2210,SHFE,0_0_     2214003,     2676203,空,平今,5064.0,1,2022-04-07 11:13:57
1045,rb2210,SHFE,0_0_     2215736,     2677505,空,平今,5062.0,1,2022-04-07 11:14:06
1046,rb2210,SHFE,0_0_     2219307,     2680495,多,开,5060.0,4,2022-04-07 11:14:25
1047,rb2210,SHFE,0_0_     2219500,     2681481,空,平今,5061.0,4,2022-04-07 11:14:32
1048,rb2210,SHFE,0_0_     2220996,     2682260,多,开,5060.0,2,2022-04-07 11:14:39
1049,rb2210,SHFE,0_0_     2221058,     2682486,空,平今,5061.0,2,2022-04-07 11:14:40
1050,rb2210,SHFE,0_0_     2221279,     2683339,多,开,5060.0,2,2022-04-07 11:14:49
1051,rb2210,SHFE,0_0_     2222223,     2683344,空,平今,5061.0,2,2022-04-07 11:14:49
1052,rb2210,SHFE,0_0_     2226141,     2686524,多,开,5061.0,1,2022-04-07 11:15:18
1053,rb2210,SHFE,0_0_     2226141,     2686525,多,开,5061.0,2,2022-04-07 11:15:18
1054,rb2210,SHFE,0_0_     2222244,     2686722,多,开,5060.0,2,2022-04-07 11:15:20
1055,rb2210,SHFE,0_0_     2226306,     2686771,空,平今,5061.0,1,2022-04-07 11:15:20
1056,rb2210,SHFE,0_0_     2226306,     2686797,空,平今,5061.0,1,2022-04-07 11:15:21
1057,rb2210,SHFE,0_0_     2226366,     2686824,空,平今,5060.000000000001,2,2022-04-07 11:15:21
1058,rb2210,SHFE,0_0_     2226813,     2687401,多,开,5060.0,1,2022-04-07 11:15:26
1059,rb2210,SHFE,0_0_     2226813,     2687402,多,开,5060.0,1,2022-04-07 11:15:26
1060,rb2210,SHFE,0_0_     2226813,     2687404,多,开,5060.0,2,2022-04-07 11:15:26
1061,rb2210,SHFE,0_0_     2228539,     2691966,多,开,5060.0,3,2022-04-07 11:16:07
1062,rb2210,SHFE,0_0_     2233658,     2693602,空,开,5059.0,2,2022-04-07 11:16:14
1063,rb2210,SHFE,0_0_     2233658,     2693604,空,开,5059.0,2,2022-04-07 11:16:14
1064,rb2210,SHFE,0_0_     2233774,     2693721,空,开,5059.0,1,2022-04-07 11:16:14
1065,rb2210,SHFE,0_0_     2233774,     2693729,空,开,5059.0,1,2022-04-07 11:16:14
1066,rb2210,SHFE,0_0_     2233774,     2693730,空,开,5059.0,1,2022-04-07 11:16:14
1067,rb2210,SHFE,0_0_     2233774,     2693736,空,开,5059.0,1,2022-04-07 11:16:14
1068,rb2210,SHFE,0_0_     2234698,     2695150,多,平今,5057.0,2,2022-04-07 11:16:20
1069,rb2210,SHFE,0_0_     2234698,     2695163,多,平今,5057.0,1,2022-04-07 11:16:20
1070,rb2210,SHFE,0_0_     2234698,     2695165,多,平今,5057.0,1,2022-04-07 11:16:20
1071,rb2210,SHFE,0_0_     2235022,     2695427,空,开,5057.0,1,2022-04-07 11:16:22
1072,rb2210,SHFE,0_0_     2235022,     2695428,空,开,5057.0,1,2022-04-07 11:16:22
1073,rb2210,SHFE,0_0_     2235022,     2695438,空,开,5057.0,2,2022-04-07 11:16:22
1074,rb2210,SHFE,0_0_     2235717,     2696029,空,平今,5057.0,1,2022-04-07 11:16:27
1075,rb2210,SHFE,0_0_     2235717,     2696031,空,平今,5057.0,2,2022-04-07 11:16:27
1076,rb2210,SHFE,0_0_     2235971,     2696311,多,平今,5057.0,2,2022-04-07 11:16:30
1077,rb2210,SHFE,0_0_     2236038,     2696394,空,开,5057.0,2,2022-04-07 11:16:30
1078,rb2210,SHFE,0_0_     2236203,     2696528,多,平今,5057.0,4,2022-04-07 11:16:31
1079,rb2210,SHFE,0_0_     2236300,     2697031,多,平今,5056.0,2,2022-04-07 11:16:34
1080,rb2210,SHFE,0_0_     2236819,     2697058,空,开,5057.0,2,2022-04-07 11:16:34
1081,rb2210,SHFE,0_0_     2236558,     2698201,空,开,5058.0,4,2022-04-07 11:16:42
1082,rb2210,SHFE,0_0_     2240030,     2700043,多,平今,5059.0,1,2022-04-07 11:16:59
1083,rb2210,SHFE,0_0_     2240030,     2700056,多,平今,5059.0,1,2022-04-07 11:16:59
1084,rb2210,SHFE,0_0_     2240030,     2700070,多,平今,5059.0,2,2022-04-07 11:16:59
1085,rb2210,SHFE,0_0_     2231976,     2701266,空,平今,5061.0,3,2022-04-07 11:17:06
1086,rb2210,SHFE,0_0_     2241842,     2701857,多,开,5060.0,1,2022-04-07 11:17:11
1087,rb2210,SHFE,0_0_     2241898,     2701887,多,开,5060.0,1,2022-04-07 11:17:12
1088,rb2210,SHFE,0_0_     2245320,     2705423,多,开,5059.0,4,2022-04-07 11:17:31
1089,rb2210,SHFE,0_0_     2243898,     2705984,空,平今,5061.0,1,2022-04-07 11:17:36
1090,rb2210,SHFE,0_0_     2246309,     2706560,空,平今,5061.0,4,2022-04-07 11:17:41
1091,rb2210,SHFE,0_0_     2250355,     2711287,多,开,5063.0,1,2022-04-07 11:18:09
1092,rb2210,SHFE,0_0_     2251413,     2712451,空,平今,5065.0,1,2022-04-07 11:18:18
1093,rb2210,SHFE,0_0_     2251413,     2712464,空,平今,5065.0,1,2022-04-07 11:18:18
1094,rb2210,SHFE,0_0_     2251968,     2712476,多,开,5064.0,2,2022-04-07 11:18:18
1095,rb2210,SHFE,0_0_     2252004,     2712546,空,平今,5065.0,2,2022-04-07 11:18:19
1096,rb2210,SHFE,0_0_     2252071,     2712700,多,开,5064.0,2,2022-04-07 11:18:20
1097,rb2210,SHFE,0_0_     2252286,     2712705,空,平今,5065.0,2,2022-04-07 11:18:20
1098,rb2210,SHFE,0_0_     2252287,     2718389,多,开,5064.0,1,2022-04-07 11:19:13
1099,rb2210,SHFE,0_0_     2252287,     2718390,多,开,5064.0,1,2022-04-07 11:19:13
1100,rb2210,SHFE,0_0_     2258496,     2718406,空,平今,5065.0,1,2022-04-07 11:19:13
1101,rb2210,SHFE,0_0_     2258496,     2718440,空,平今,5065.0,1,2022-04-07 11:19:13
1102,rb2210,SHFE,0_0_     2258506,     2720254,多,平今,5064.0,1,2022-04-07 11:19:19
1103,rb2210,SHFE,0_0_     2271559,     2730901,多,平今,5067.0,1,2022-04-07 11:20:51
1104,rb2210,SHFE,0_0_     2271847,     2731181,空,开,5067.0,1,2022-04-07 11:20:54
1105,rb2210,SHFE,0_0_     2271847,     2731186,空,开,5067.0,3,2022-04-07 11:20:54
1106,rb2210,SHFE,0_0_     2275856,     2735416,多,平今,5062.0,1,2022-04-07 11:21:24
1107,rb2210,SHFE,0_0_     2279932,     2738839,空,平今,5063.0,1,2022-04-07 11:22:03
1108,rb2210,SHFE,0_0_     2246970,     2745399,多,开,5060.0,4,2022-04-07 11:23:06
1109,rb2210,SHFE,0_0_     2288364,     2745401,空,平今,5061.0,4,2022-04-07 11:23:06
1110,rb2210,SHFE,0_0_     2293063,     2749164,空,开,5060.0,2,2022-04-07 11:23:49
1111,rb2210,SHFE,0_0_     2293063,     2749178,空,开,5060.0,1,2022-04-07 11:23:49
1112,rb2210,SHFE,0_0_     2299804,     2755786,多,平今,5063.0,1,2022-04-07 11:24:56
1113,rb2210,SHFE,0_0_     2301716,     2756885,多,平今,5065.0,4,2022-04-07 11:25:05
1114,rb2210,SHFE,0_0_     2307295,     2763600,多,开,5070.0,7,2022-04-07 11:26:00
1115,rb2210,SHFE,0_0_     2311271,     2767346,空,平今,5070.0,1,2022-04-07 11:26:36
1116,rb2210,SHFE,0_0_     2320006,     2776429,空,平今,5060.0,4,2022-04-07 11:27:46
1117,rb2210,SHFE,0_0_     2320089,     2776453,多,平今,5060.0,2,2022-04-07 11:27:47
1118,rb2210,SHFE,0_0_     2321652,     2778134,空,开,5057.0,4,2022-04-07 11:28:01
1119,rb2210,SHFE,0_0_     2321847,     2778397,多,平今,5057.0,2,2022-04-07 11:28:02
1120,rb2210,SHFE,0_0_     2321903,     2778521,空,开,5057.0,1,2022-04-07 11:28:03
1121,rb2210,SHFE,0_0_     2321903,     2778526,空,开,5057.0,2,2022-04-07 11:28:03
1122,rb2210,SHFE,0_0_     2321978,     2778912,多,平今,5056.0,4,2022-04-07 11:28:05
1123,rb2210,SHFE,0_0_     2322264,     2779103,空,开,5057.0,3,2022-04-07 11:28:07
1124,rb2210,SHFE,0_0_     2322330,     2779583,多,平今,5056.0,3,2022-04-07 11:28:10
1125,rb2210,SHFE,0_0_     2322859,     2780310,空,开,5056.0,2,2022-04-07 11:28:13
1126,rb2210,SHFE,0_0_     2322859,     2780323,空,开,5056.0,1,2022-04-07 11:28:13
1127,rb2210,SHFE,0_0_     2326611,     2785542,多,平今,5057.0,1,2022-04-07 11:29:00
1128,rb2210,SHFE,0_0_     2329417,     2810595,多,平今,5045.0,4,2022-04-07 13:30:09
1129,rb2210,SHFE,0_0_     2329421,     2810753,空,开,5046.0,8,2022-04-07 13:30:09
1130,rb2210,SHFE,0_0_     2329424,     2810756,多,平今,5045.0,8,2022-04-07 13:30:09
1131,rb2210,SHFE,0_0_     2329425,     2810829,空,开,5046.0,1,2022-04-07 13:30:09
1132,rb2210,SHFE,0_0_     2329425,     2810835,空,开,5046.0,5,2022-04-07 13:30:09
1133,rb2210,SHFE,0_0_     2329425,     2810837,空,开,5046.0,2,2022-04-07 13:30:09
1134,rb2210,SHFE,0_0_     2329431,     2810906,多,平今,5045.0,3,2022-04-07 13:30:09
1135,rb2210,SHFE,0_0_     2329431,     2810910,多,平今,5045.0,1,2022-04-07 13:30:09
1136,rb2210,SHFE,0_0_     2329431,     2810913,多,平今,5045.0,1,2022-04-07 13:30:09
1137,rb2210,SHFE,0_0_     2329431,     2810922,多,平今,5045.0,1,2022-04-07 13:30:09
1138,rb2210,SHFE,0_0_     2329431,     2810929,多,平今,5045.0,1,2022-04-07 13:30:09
1139,rb2210,SHFE,0_0_     2329431,     2810972,多,平今,5045.0,1,2022-04-07 13:30:09
1140,rb2210,SHFE,0_0_     2329433,     2811637,空,开,5046.0,1,2022-04-07 13:30:10
1141,rb2210,SHFE,0_0_     2329433,     2811641,空,开,5046.0,2,2022-04-07 13:30:10
1142,rb2210,SHFE,0_0_     2329433,     2811649,空,开,5046.0,1,2022-04-07 13:30:10
1143,rb2210,SHFE,0_0_     2329433,     2811676,空,开,5046.0,1,2022-04-07 13:30:10
1144,rb2210,SHFE,0_0_     2329433,     2811680,空,开,5046.0,1,2022-04-07 13:30:10
1145,rb2210,SHFE,0_0_     2329433,     2811690,空,开,5046.0,1,2022-04-07 13:30:10
1146,rb2210,SHFE,0_0_     2329433,     2811693,空,开,5046.0,1,2022-04-07 13:30:10
1147,rb2210,SHFE,0_0_     2329474,     2812300,空,平今,5045.0,3,2022-04-07 13:30:11
1148,rb2210,SHFE,0_0_     2329484,     2812450,多,平今,5044.0,8,2022-04-07 13:30:12
1149,rb2210,SHFE,0_0_     2329521,     2813367,空,开,5045.0,1,2022-04-07 13:30:13
1150,rb2210,SHFE,0_0_     2329522,     2814154,多,平今,5044.0,1,2022-04-07 13:30:15
1151,rb2210,SHFE,0_0_     2329556,     2814178,空,开,5045.0,1,2022-04-07 13:30:15
1152,rb2210,SHFE,0_0_     2329588,     2814690,多,开,5045.0,3,2022-04-07 13:30:17
1153,rb2210,SHFE,0_0_     2329860,     2820117,空,平今,5050.0,1,2022-04-07 13:30:32
1154,rb2210,SHFE,0_0_     2329861,     2820149,多,开,5049.0,1,2022-04-07 13:30:32
1155,rb2210,SHFE,0_0_     2329862,     2820157,空,平今,5050.0,1,2022-04-07 13:30:32
1156,rb2210,SHFE,0_0_     2329863,     2820185,多,开,5049.0,1,2022-04-07 13:30:32
1157,rb2210,SHFE,0_0_     2329867,     2820439,空,平今,5050.0,1,2022-04-07 13:30:33
1158,rb2210,SHFE,0_0_     2329883,     2820459,多,开,5049.0,1,2022-04-07 13:30:33
1159,rb2210,SHFE,0_0_     2329884,     2820614,空,平今,5050.000000000001,1,2022-04-07 13:30:34
1160,rb2210,SHFE,0_0_     2329898,     2820703,多,开,5049.0,1,2022-04-07 13:30:34
1161,rb2210,SHFE,0_0_     2329903,     2820802,空,平今,5049.0,1,2022-04-07 13:30:35
1162,rb2210,SHFE,0_0_     2329658,     2821685,多,开,5046.0,1,2022-04-07 13:30:39
1163,rb2210,SHFE,0_0_     2329967,     2821695,空,平今,5047.0,1,2022-04-07 13:30:39
1164,rb2210,SHFE,0_0_     2330071,     2823543,空,开,5046.0,3,2022-04-07 13:30:47
1165,rb2210,SHFE,0_0_     2330071,     2823550,空,开,5046.0,1,2022-04-07 13:30:47
1166,rb2210,SHFE,0_0_     2330080,     2823572,多,平今,5045.0,4,2022-04-07 13:30:47
1167,rb2210,SHFE,0_0_     2329557,     2823580,多,平今,5044.0,1,2022-04-07 13:30:47
1168,rb2210,SHFE,0_0_     2330081,     2823626,空,开,5046.0,4,2022-04-07 13:30:47
1169,rb2210,SHFE,0_0_     2330082,     2823732,多,平今,5045.0,2,2022-04-07 13:30:47
1170,rb2210,SHFE,0_0_     2330082,     2823832,多,平今,5045.0,1,2022-04-07 13:30:48
1171,rb2210,SHFE,0_0_     2330082,     2823834,多,平今,5045.0,1,2022-04-07 13:30:48
1172,rb2210,SHFE,0_0_     2330112,     2824448,空,开,5046.0,8,2022-04-07 13:30:50
1173,rb2210,SHFE,0_0_     2330129,     2824753,多,平今,5046.0,1,2022-04-07 13:30:51
1174,rb2210,SHFE,0_0_     2330129,     2824758,多,平今,5046.0,1,2022-04-07 13:30:51
1175,rb2210,SHFE,0_0_     2330129,     2824759,多,平今,5046.0,2,2022-04-07 13:30:51
1176,rb2210,SHFE,0_0_     2330119,     2825206,多,开,5044.0,4,2022-04-07 13:30:53
1177,rb2210,SHFE,0_0_     2330177,     2825231,空,平今,5045.0,1,2022-04-07 13:30:53
1178,rb2210,SHFE,0_0_     2330177,     2825234,空,平今,5045.0,4,2022-04-07 13:30:53
1179,rb2210,SHFE,0_0_     2330178,     2825355,多,开,5044.0,3,2022-04-07 13:30:54
1180,rb2210,SHFE,0_0_     2330178,     2825356,多,开,5044.0,2,2022-04-07 13:30:54
1181,rb2210,SHFE,0_0_     2330185,     2825366,多,平今,5044.0,2,2022-04-07 13:30:54
1182,rb2210,SHFE,0_0_     2330200,     2825851,空,平今,5045.000000000001,3,2022-04-07 13:30:56
1183,rb2210,SHFE,0_0_     2330233,     2825862,多,开,5044.0,3,2022-04-07 13:30:56
1184,rb2210,SHFE,0_0_     2330265,     2826585,空,开,5044.0,4,2022-04-07 13:30:59
1185,rb2210,SHFE,0_0_     2330234,     2826607,空,平今,5045.0,3,2022-04-07 13:30:59
1186,rb2210,SHFE,0_0_     2330306,     2826628,多,开,5044.0,2,2022-04-07 13:30:59
1187,rb2210,SHFE,0_0_     2330306,     2826697,多,开,5044.0,1,2022-04-07 13:30:59
1188,rb2210,SHFE,0_0_     2330305,     2826765,多,平今,5043.0,2,2022-04-07 13:30:59
1189,rb2210,SHFE,0_0_     2330305,     2826766,多,平今,5043.0,2,2022-04-07 13:30:59
1190,rb2210,SHFE,0_0_     2330314,     2826769,空,平今,5044.0,1,2022-04-07 13:30:59
1191,rb2210,SHFE,0_0_     2330314,     2826775,空,平今,5044.0,3,2022-04-07 13:31:00
1192,rb2210,SHFE,0_0_     2330315,     2827028,多,平今,5043.0,2,2022-04-07 13:31:00
1193,rb2210,SHFE,0_0_     2330332,     2827042,多,开,5043.0,2,2022-04-07 13:31:00
1194,rb2210,SHFE,0_0_     2330338,     2827094,空,平今,5044.0,1,2022-04-07 13:31:00
1195,rb2210,SHFE,0_0_     2330338,     2827096,空,平今,5044.0,1,2022-04-07 13:31:00
1196,rb2210,SHFE,0_0_     2330338,     2827195,空,平今,5044.0,1,2022-04-07 13:31:01
1197,rb2210,SHFE,0_0_     2330338,     2827198,空,平今,5044.0,1,2022-04-07 13:31:01
1198,rb2210,SHFE,0_0_     2330343,     2827283,多,开,5043.0,1,2022-04-07 13:31:01
1199,rb2210,SHFE,0_0_     2330343,     2827285,多,开,5043.0,1,2022-04-07 13:31:01
1200,rb2210,SHFE,0_0_     2330365,     2827592,空,开,5043.0,1,2022-04-07 13:31:02
1201,rb2210,SHFE,0_0_     2330365,     2827593,空,开,5043.0,1,2022-04-07 13:31:02
1202,rb2210,SHFE,0_0_     2330407,     2828381,多,开,5042.0,4,2022-04-07 13:31:04
1203,rb2210,SHFE,0_0_     2330441,     2828595,空,平今,5042.0,3,2022-04-07 13:31:05
1204,rb2210,SHFE,0_0_     2330355,     2828715,空,平今,5044.0,2,2022-04-07 13:31:05
1205,rb2210,SHFE,0_0_     2330461,     2828741,多,平今,5043.0,2,2022-04-07 13:31:05
1206,rb2210,SHFE,0_0_     2330462,     2829017,空,开,5044.0,2,2022-04-07 13:31:07
1207,rb2210,SHFE,0_0_     2330486,     2829121,空,开,5044.0,4,2022-04-07 13:31:07
1208,rb2210,SHFE,0_0_     2330487,     2829303,多,平今,5043.0,6,2022-04-07 13:31:07
1209,rb2210,SHFE,0_0_     2330492,     2829531,空,开,5044.0,6,2022-04-07 13:31:08
1210,rb2210,SHFE,0_0_     2330494,     2829980,多,平今,5043.0,6,2022-04-07 13:31:09
1211,rb2210,SHFE,0_0_     2330530,     2830113,空,开,5044.0,1,2022-04-07 13:31:09
1212,rb2210,SHFE,0_0_     2330530,     2830114,空,开,5044.0,1,2022-04-07 13:31:09
1213,rb2210,SHFE,0_0_     2330530,     2830115,空,开,5044.0,4,2022-04-07 13:31:09
1214,rb2210,SHFE,0_0_     2330541,     2830225,多,平今,5043.0,6,2022-04-07 13:31:10
1215,rb2210,SHFE,0_0_     2330553,     2830226,空,开,5044.0,1,2022-04-07 13:31:10
1216,rb2210,SHFE,0_0_     2330553,     2830459,空,开,5044.0,1,2022-04-07 13:31:10
1217,rb2210,SHFE,0_0_     2330553,     2830475,空,开,5044.0,1,2022-04-07 13:31:10
1218,rb2210,SHFE,0_0_     2330553,     2830477,空,开,5044.0,3,2022-04-07 13:31:10
1219,rb2210,SHFE,0_0_     2330569,     2830610,多,平今,5043.0,5,2022-04-07 13:31:11
1220,rb2210,SHFE,0_0_     2330584,     2830795,空,开,5044.0,5,2022-04-07 13:31:12
1221,rb2210,SHFE,0_0_     2330591,     2830954,多,平今,5043.0,1,2022-04-07 13:31:13
1222,rb2210,SHFE,0_0_     2330591,     2830957,多,平今,5043.0,4,2022-04-07 13:31:13
1223,rb2210,SHFE,0_0_     2330613,     2831144,空,开,5044.0,4,2022-04-07 13:31:13
1224,rb2210,SHFE,0_0_     2330613,     2831201,空,开,5044.0,1,2022-04-07 13:31:14
1225,rb2210,SHFE,0_0_     2330634,     2831247,多,平今,5043.0,1,2022-04-07 13:31:14
1226,rb2210,SHFE,0_0_     2330636,     2832219,空,平今,5044.0,1,2022-04-07 13:31:18
1227,rb2210,SHFE,0_0_     2330712,     2832304,多,平今,5043.0,1,2022-04-07 13:31:18
1228,rb2210,SHFE,0_0_     2330725,     2833038,空,开,5044.0,1,2022-04-07 13:31:22
1229,rb2210,SHFE,0_0_     2330796,     2834541,多,平今,5043.0,1,2022-04-07 13:31:31
1230,rb2210,SHFE,0_0_     2330967,     2834609,空,开,5044.0,1,2022-04-07 13:31:31
1231,rb2210,SHFE,0_0_     2330975,     2835187,多,平今,5043.0,1,2022-04-07 13:31:33
1232,rb2210,SHFE,0_0_     2331002,     2836047,多,平今,5043.0,1,2022-04-07 13:31:37
1233,rb2210,SHFE,0_0_     2331255,     2838599,空,开,5041.0,4,2022-04-07 13:31:42
1234,rb2210,SHFE,0_0_     2331283,     2839002,多,平今,5041.0,1,2022-04-07 13:31:43
