,code,exchange,orderid,tradeid,direction,offset,price,volume,datetime
0,rb2210,SHFE,0_0_         145,       29851,多,开,5068.0,1,2022-04-07 21:00:13
1,rb2210,SHFE,0_0_         145,       29952,多,开,5068.0,3,2022-04-07 21:00:13
2,rb2210,SHFE,0_0_         146,       30037,空,平今,5069.0,1,2022-04-07 21:00:13
3,rb2210,SHFE,0_0_         146,       30067,空,平今,5069.0,1,2022-04-07 21:00:13
4,rb2210,SHFE,0_0_         146,       30069,空,平今,5069.0,1,2022-04-07 21:00:13
5,rb2210,SHFE,0_0_         146,       30075,空,平今,5069.0,1,2022-04-07 21:00:13
6,rb2210,SHFE,0_0_         154,       30932,多,开,5068.0,4,2022-04-07 21:00:14
7,rb2210,SHFE,0_0_         164,       31006,空,平今,5069.0,1,2022-04-07 21:00:14
8,rb2210,SHFE,0_0_         164,       31456,空,平今,5069.0,3,2022-04-07 21:00:14
9,rb2210,SHFE,0_0_         286,       36497,多,开,5070.0,5,2022-04-07 21:00:19
10,rb2210,SHFE,0_0_         901,       57190,空,开,5074.0,8,2022-04-07 21:00:46
11,rb2210,SHFE,0_0_        1184,       64387,多,平今,5070.0,5,2022-04-07 21:00:59
12,rb2210,SHFE,0_0_        1733,       83554,多,平今,5073.0,1,2022-04-07 21:01:27
13,rb2210,SHFE,0_0_        1768,       83557,空,平今,5074.0,1,2022-04-07 21:01:27
14,rb2210,SHFE,0_0_        2345,       99050,多,平今,5076.0,1,2022-04-07 21:01:58
15,rb2210,SHFE,0_0_        2414,       99385,空,平今,5077.000000000001,3,2022-04-07 21:01:59
16,rb2210,SHFE,0_0_        2414,       99390,空,平今,5077.000000000001,1,2022-04-07 21:01:59
17,rb2210,SHFE,0_0_        2437,      100106,空,开,5077.0,1,2022-04-07 21:02:00
18,rb2210,SHFE,0_0_        2458,      100538,多,平今,5077.0,2,2022-04-07 21:02:01
19,rb2210,SHFE,0_0_        2496,      101570,多,开,5078.0,2,2022-04-07 21:02:02
20,rb2210,SHFE,0_0_        2496,      101571,多,开,5078.0,1,2022-04-07 21:02:02
21,rb2210,SHFE,0_0_        5500,      138115,空,开,5081.0,1,2022-04-07 21:03:29
22,rb2210,SHFE,0_0_        5500,      138116,空,开,5081.0,1,2022-04-07 21:03:29
23,rb2210,SHFE,0_0_        5500,      138136,空,开,5081.0,1,2022-04-07 21:03:29
24,rb2210,SHFE,0_0_        5500,      138139,空,开,5081.0,1,2022-04-07 21:03:29
25,rb2210,SHFE,0_0_        5765,      140781,空,开,5079.0,4,2022-04-07 21:03:37
26,rb2210,SHFE,0_0_        4548,      160964,多,开,5075.0,2,2022-04-07 21:04:36
27,rb2210,SHFE,0_0_        8440,      161305,空,平今,5076.0,2,2022-04-07 21:04:37
28,rb2210,SHFE,0_0_       13893,      188853,多,平今,5078.0,2,2022-04-07 21:05:44
29,rb2210,SHFE,0_0_       14400,      190611,多,平今,5078.0,1,2022-04-07 21:05:50
30,rb2210,SHFE,0_0_       17042,      199893,多,平今,5075.0,1,2022-04-07 21:06:19
31,rb2210,SHFE,0_0_       17065,      199922,空,平今,5076.0,1,2022-04-07 21:06:19
32,rb2210,SHFE,0_0_       17079,      199960,多,平今,5075.0,1,2022-04-07 21:06:19
33,rb2210,SHFE,0_0_       17085,      199990,空,开,5076.0,1,2022-04-07 21:06:20
34,rb2210,SHFE,0_0_       17094,      200098,多,平今,5075.0,1,2022-04-07 21:06:20
35,rb2210,SHFE,0_0_       17215,      200136,空,开,5076.000000000001,1,2022-04-07 21:06:20
36,rb2210,SHFE,0_0_       18427,      202777,多,平今,5077.0,1,2022-04-07 21:06:33
37,rb2210,SHFE,0_0_       18427,      202778,多,平今,5077.0,2,2022-04-07 21:06:33
38,rb2210,SHFE,0_0_       19100,      205751,多,开,5077.0,1,2022-04-07 21:06:44
39,rb2210,SHFE,0_0_       19100,      205752,多,开,5077.0,1,2022-04-07 21:06:44
40,rb2210,SHFE,0_0_       19100,      205769,多,开,5077.0,1,2022-04-07 21:06:44
41,rb2210,SHFE,0_0_       19100,      205780,多,开,5077.0,1,2022-04-07 21:06:44
42,rb2210,SHFE,0_0_       19100,      205785,多,开,5077.0,1,2022-04-07 21:06:44
43,rb2210,SHFE,0_0_       19100,      206000,多,开,5077.0,1,2022-04-07 21:06:45
44,rb2210,SHFE,0_0_       17237,      206230,多,平今,5075.0,1,2022-04-07 21:06:46
45,rb2210,SHFE,0_0_       19725,      207218,空,平今,5076.0,1,2022-04-07 21:06:49
46,rb2210,SHFE,0_0_       19601,      207336,空,平今,5077.0,4,2022-04-07 21:06:50
47,rb2210,SHFE,0_0_       14557,      209268,空,平今,5079.0,1,2022-04-07 21:06:59
48,rb2210,SHFE,0_0_       14557,      209354,空,平今,5079.0,1,2022-04-07 21:06:59
49,rb2210,SHFE,0_0_       20471,      209670,多,开,5078.0,1,2022-04-07 21:07:00
50,rb2210,SHFE,0_0_       22049,      217201,空,开,5080.0,3,2022-04-07 21:07:22
51,rb2210,SHFE,0_0_       25736,      228451,空,平今,5076.0,1,2022-04-07 21:08:06
52,rb2210,SHFE,0_0_       25971,      229858,多,开,5076.0,4,2022-04-07 21:08:10
53,rb2210,SHFE,0_0_       26365,      230811,空,平今,5077.0,4,2022-04-07 21:08:13
54,rb2210,SHFE,0_0_       26703,      231050,多,开,5076.0,1,2022-04-07 21:08:14
55,rb2210,SHFE,0_0_       26703,      231103,多,开,5076.0,3,2022-04-07 21:08:14
56,rb2210,SHFE,0_0_       26813,      231427,空,平今,5077.0,4,2022-04-07 21:08:15
57,rb2210,SHFE,0_0_       31427,      241575,多,开,5080.0,4,2022-04-07 21:09:02
58,rb2210,SHFE,0_0_       31791,      250133,空,平今,5081.0,5,2022-04-07 21:09:46
59,rb2210,SHFE,0_0_       37210,      250764,多,开,5080.0,1,2022-04-07 21:09:49
60,rb2210,SHFE,0_0_       37210,      250842,多,开,5080.0,1,2022-04-07 21:09:50
61,rb2210,SHFE,0_0_       37210,      250845,多,开,5080.0,3,2022-04-07 21:09:50
62,rb2210,SHFE,0_0_       37691,      252033,空,平今,5081.0,2,2022-04-07 21:09:54
63,rb2210,SHFE,0_0_       39290,      253996,多,平今,5082.0,3,2022-04-07 21:10:02
64,rb2210,SHFE,0_0_       41505,      258512,多,开,5083.0,3,2022-04-07 21:10:14
65,rb2210,SHFE,0_0_       41505,      258516,多,开,5083.0,1,2022-04-07 21:10:14
66,rb2210,SHFE,0_0_       41977,      258875,空,平今,5083.0,1,2022-04-07 21:10:15
67,rb2210,SHFE,0_0_       42312,      259537,空,开,5082.0,3,2022-04-07 21:10:17
68,rb2210,SHFE,0_0_       42465,      261501,空,开,5082.0,3,2022-04-07 21:10:25
69,rb2210,SHFE,0_0_       42048,      261539,空,平今,5083.0,4,2022-04-07 21:10:25
70,rb2210,SHFE,0_0_       43610,      262212,多,平今,5081.0,3,2022-04-07 21:10:28
71,rb2210,SHFE,0_0_       44400,      262730,空,开,5082.0,1,2022-04-07 21:10:30
72,rb2210,SHFE,0_0_       43653,      262855,空,平今,5083.0,2,2022-04-07 21:10:31
73,rb2210,SHFE,0_0_       44885,      262919,空,开,5083.0,4,2022-04-07 21:10:31
74,rb2210,SHFE,0_0_       44991,      263767,多,平今,5082.0,4,2022-04-07 21:10:34
75,rb2210,SHFE,0_0_       46227,      265637,空,开,5083.0,4,2022-04-07 21:10:40
76,rb2210,SHFE,0_0_       46710,      265789,多,开,5083.0,6,2022-04-07 21:10:40
77,rb2210,SHFE,0_0_       46678,      266916,多,平今,5082.0,4,2022-04-07 21:10:45
78,rb2210,SHFE,0_0_       44990,      268002,多,平今,5081.0,1,2022-04-07 21:10:52
79,rb2210,SHFE,0_0_       44990,      268050,多,平今,5081.0,1,2022-04-07 21:10:53
80,rb2210,SHFE,0_0_       44990,      268207,多,平今,5081.0,1,2022-04-07 21:10:54
81,rb2210,SHFE,0_0_       44990,      268266,多,平今,5081.0,1,2022-04-07 21:10:54
82,rb2210,SHFE,0_0_       48191,      268445,空,开,5082.0,1,2022-04-07 21:10:55
83,rb2210,SHFE,0_0_       48191,      268485,空,开,5082.0,2,2022-04-07 21:10:56
84,rb2210,SHFE,0_0_       48191,      268509,空,开,5082.0,1,2022-04-07 21:10:56
85,rb2210,SHFE,0_0_       47308,      270015,空,平今,5083.0,4,2022-04-07 21:11:03
86,rb2210,SHFE,0_0_       54859,      277591,多,开,5084.0,1,2022-04-07 21:11:38
87,rb2210,SHFE,0_0_       56370,      280826,空,开,5084.0,1,2022-04-07 21:11:53
88,rb2210,SHFE,0_0_       56370,      280845,空,开,5084.0,1,2022-04-07 21:11:53
89,rb2210,SHFE,0_0_       56370,      280846,空,开,5084.0,1,2022-04-07 21:11:53
90,rb2210,SHFE,0_0_       56370,      280847,空,开,5084.0,1,2022-04-07 21:11:53
91,rb2210,SHFE,0_0_       49427,      283930,多,平今,5082.000000000001,1,2022-04-07 21:12:08
92,rb2210,SHFE,0_0_       60207,      284541,多,平今,5083.0,4,2022-04-07 21:12:12
93,rb2210,SHFE,0_0_       60533,      285141,空,平今,5083.0,1,2022-04-07 21:12:15
94,rb2210,SHFE,0_0_       48460,      285890,多,平今,5081.0,1,2022-04-07 21:12:18
95,rb2210,SHFE,0_0_       48460,      285911,多,平今,5081.0,1,2022-04-07 21:12:19
96,rb2210,SHFE,0_0_       48460,      285916,多,平今,5081.0,1,2022-04-07 21:12:19
97,rb2210,SHFE,0_0_       61860,      286852,空,平今,5082.0,2,2022-04-07 21:12:24
98,rb2210,SHFE,0_0_       63257,      287567,多,开,5082.0,3,2022-04-07 21:12:30
99,rb2210,SHFE,0_0_       62713,      291573,多,开,5081.0,1,2022-04-07 21:13:00
100,rb2210,SHFE,0_0_       62713,      291631,多,开,5081.0,1,2022-04-07 21:13:00
101,rb2210,SHFE,0_0_       68215,      293332,多,开,5082.0,3,2022-04-07 21:13:10
102,rb2210,SHFE,0_0_       68873,      293363,空,平今,5082.0,1,2022-04-07 21:13:11
103,rb2210,SHFE,0_0_       68873,      293364,空,平今,5082.0,1,2022-04-07 21:13:11
104,rb2210,SHFE,0_0_       60472,      295078,空,开,5084.0,4,2022-04-07 21:13:16
105,rb2210,SHFE,0_0_       70005,      296058,多,平今,5083.0,1,2022-04-07 21:13:22
106,rb2210,SHFE,0_0_       70005,      296197,多,平今,5083.0,1,2022-04-07 21:13:23
107,rb2210,SHFE,0_0_       70005,      296203,多,平今,5083.0,2,2022-04-07 21:13:23
108,rb2210,SHFE,0_0_       76290,      302631,空,平今,5086.0,1,2022-04-07 21:14:00
109,rb2210,SHFE,0_0_       76290,      302640,空,平今,5086.0,1,2022-04-07 21:14:00
110,rb2210,SHFE,0_0_       76780,      302811,空,平今,5086.0,3,2022-04-07 21:14:01
111,rb2210,SHFE,0_0_       76827,      302936,空,开,5086.0,1,2022-04-07 21:14:02
112,rb2210,SHFE,0_0_       76827,      302962,空,开,5086.0,1,2022-04-07 21:14:02
113,rb2210,SHFE,0_0_       80113,      306516,多,平今,5086.0,1,2022-04-07 21:14:19
114,rb2210,SHFE,0_0_       82072,      308982,多,开,5086.0,4,2022-04-07 21:14:31
115,rb2210,SHFE,0_0_       81817,      313711,多,开,5085.0,2,2022-04-07 21:14:51
116,rb2210,SHFE,0_0_       87425,      315752,空,平今,5084.0,4,2022-04-07 21:15:01
117,rb2210,SHFE,0_0_       69335,      324771,多,开,5082.0,1,2022-04-07 21:15:55
118,rb2210,SHFE,0_0_       95591,      325390,空,平今,5083.0,1,2022-04-07 21:15:59
119,rb2210,SHFE,0_0_       95591,      325391,空,平今,5083.0,2,2022-04-07 21:15:59
120,rb2210,SHFE,0_0_       95591,      325392,空,平今,5083.0,1,2022-04-07 21:15:59
121,rb2210,SHFE,0_0_       96387,      327632,多,平今,5082.0,1,2022-04-07 21:16:15
122,rb2210,SHFE,0_0_      104270,      334805,多,开,5082.0,4,2022-04-07 21:16:57
123,rb2210,SHFE,0_0_      110753,      345675,空,平今,5081.0,2,2022-04-07 21:17:41
124,rb2210,SHFE,0_0_      111435,      346704,多,开,5080.0,1,2022-04-07 21:17:44
125,rb2210,SHFE,0_0_      111435,      346761,多,开,5080.0,1,2022-04-07 21:17:44
126,rb2210,SHFE,0_0_      111819,      347883,空,平今,5081.0,1,2022-04-07 21:17:48
127,rb2210,SHFE,0_0_      120962,      359688,多,开,5079.0,2,2022-04-07 21:18:51
128,rb2210,SHFE,0_0_      130083,      369569,空,平今,5084.0,2,2022-04-07 21:20:01
129,rb2210,SHFE,0_0_      130083,      369579,空,平今,5084.0,1,2022-04-07 21:20:01
130,rb2210,SHFE,0_0_      130474,      370096,多,开,5083.0,1,2022-04-07 21:20:03
131,rb2210,SHFE,0_0_      130649,      370380,多,开,5083.0,2,2022-04-07 21:20:04
132,rb2210,SHFE,0_0_      130649,      370522,多,开,5083.0,1,2022-04-07 21:20:05
133,rb2210,SHFE,0_0_      130649,      370532,多,开,5083.0,1,2022-04-07 21:20:05
134,rb2210,SHFE,0_0_      131416,      371339,多,开,5084.0,1,2022-04-07 21:20:09
135,rb2210,SHFE,0_0_      132479,      373452,空,平今,5083.0,1,2022-04-07 21:20:16
136,rb2210,SHFE,0_0_      138983,      379888,空,平今,5084.0,2,2022-04-07 21:21:00
137,rb2210,SHFE,0_0_      139515,      381582,多,开,5084.0,2,2022-04-07 21:21:08
138,rb2210,SHFE,0_0_       82347,      383879,空,开,5087.0,2,2022-04-07 21:21:22
139,rb2210,SHFE,0_0_       82347,      383930,空,开,5087.0,5,2022-04-07 21:21:23
140,rb2210,SHFE,0_0_      143569,      384709,空,平今,5086.0,1,2022-04-07 21:21:30
141,rb2210,SHFE,0_0_      146769,      388545,多,平今,5087.0,4,2022-04-07 21:22:01
142,rb2210,SHFE,0_0_      149724,      392655,空,平今,5088.0,1,2022-04-07 21:22:22
143,rb2210,SHFE,0_0_      149724,      392656,空,平今,5088.0,1,2022-04-07 21:22:22
144,rb2210,SHFE,0_0_      150729,      393576,多,平今,5087.0,2,2022-04-07 21:22:29
145,rb2210,SHFE,0_0_      153019,      395841,空,平今,5088.000000000001,2,2022-04-07 21:22:47
146,rb2210,SHFE,0_0_      156385,      400288,多,开,5091.0,3,2022-04-07 21:23:10
147,rb2210,SHFE,0_0_      157246,      402423,空,平今,5091.0,2,2022-04-07 21:23:20
148,rb2210,SHFE,0_0_      157246,      402424,空,平今,5091.0,2,2022-04-07 21:23:20
149,rb2210,SHFE,0_0_      159622,      404757,多,开,5091.0,2,2022-04-07 21:23:30
150,rb2210,SHFE,0_0_      159679,      404809,多,开,5091.0,2,2022-04-07 21:23:31
151,rb2210,SHFE,0_0_      167903,      415911,空,平今,5091.0,1,2022-04-07 21:24:41
152,rb2210,SHFE,0_0_      167903,      415940,空,平今,5091.0,1,2022-04-07 21:24:42
153,rb2210,SHFE,0_0_      168188,      416407,空,平今,5091.0,3,2022-04-07 21:24:45
154,rb2210,SHFE,0_0_      168799,      417058,多,开,5091.0,1,2022-04-07 21:24:48
155,rb2210,SHFE,0_0_      168799,      417059,多,开,5091.0,2,2022-04-07 21:24:48
156,rb2210,SHFE,0_0_      169221,      417752,空,开,5091.0,1,2022-04-07 21:24:52
157,rb2210,SHFE,0_0_      169221,      417758,空,开,5091.0,3,2022-04-07 21:24:52
158,rb2210,SHFE,0_0_      169400,      418009,多,平今,5091.0,1,2022-04-07 21:24:53
159,rb2210,SHFE,0_0_      169400,      418011,多,平今,5091.0,2,2022-04-07 21:24:53
160,rb2210,SHFE,0_0_      170352,      420802,多,平今,5092.0,1,2022-04-07 21:25:04
161,rb2210,SHFE,0_0_      169503,      421323,多,开,5091.0,2,2022-04-07 21:25:05
162,rb2210,SHFE,0_0_      171320,      428805,空,平今,5092.0,1,2022-04-07 21:25:43
163,rb2210,SHFE,0_0_      177246,      428910,多,开,5091.0,1,2022-04-07 21:25:44
164,rb2210,SHFE,0_0_      177483,      434152,空,平今,5092.0,4,2022-04-07 21:26:24
165,rb2210,SHFE,0_0_      182769,      435146,多,开,5092.0,1,2022-04-07 21:26:27
166,rb2210,SHFE,0_0_      182769,      435182,多,开,5092.0,1,2022-04-07 21:26:28
167,rb2210,SHFE,0_0_      182769,      435222,多,开,5092.0,2,2022-04-07 21:26:28
168,rb2210,SHFE,0_0_      184251,      436745,空,平今,5093.0,1,2022-04-07 21:26:35
169,rb2210,SHFE,0_0_      183585,      438320,空,平今,5094.0,1,2022-04-07 21:26:42
170,rb2210,SHFE,0_0_      183585,      438406,空,平今,5094.0,1,2022-04-07 21:26:43
171,rb2210,SHFE,0_0_      183585,      438430,空,平今,5094.0,1,2022-04-07 21:26:43
172,rb2210,SHFE,0_0_      183585,      438444,空,平今,5094.0,1,2022-04-07 21:26:43
173,rb2210,SHFE,0_0_      186646,      442876,多,平今,5094.0,1,2022-04-07 21:27:05
174,rb2210,SHFE,0_0_      185809,      443189,多,开,5093.0,4,2022-04-07 21:27:06
175,rb2210,SHFE,0_0_      188849,      443284,空,平今,5094.0,4,2022-04-07 21:27:07
176,rb2210,SHFE,0_0_      190781,      446074,空,开,5095.0,2,2022-04-07 21:27:23
177,rb2210,SHFE,0_0_      193038,      448963,多,平今,5095.0,2,2022-04-07 21:27:38
178,rb2210,SHFE,0_0_      195742,      451633,空,开,5096.0,1,2022-04-07 21:27:55
179,rb2210,SHFE,0_0_      195742,      451641,空,开,5096.0,1,2022-04-07 21:27:55
180,rb2210,SHFE,0_0_      196257,      452956,多,平今,5095.0,1,2022-04-07 21:28:03
181,rb2210,SHFE,0_0_      196600,      453015,多,平今,5095.0,1,2022-04-07 21:28:04
182,rb2210,SHFE,0_0_      188850,      455219,多,开,5093.0,2,2022-04-07 21:28:21
183,rb2210,SHFE,0_0_      188850,      455230,多,开,5093.0,2,2022-04-07 21:28:21
184,rb2210,SHFE,0_0_      184464,      455455,多,开,5092.0,1,2022-04-07 21:28:23
185,rb2210,SHFE,0_0_      199245,      456158,空,平今,5094.0,3,2022-04-07 21:28:29
186,rb2210,SHFE,0_0_      199245,      456367,空,平今,5094.0,1,2022-04-07 21:28:29
187,rb2210,SHFE,0_0_      200124,      457265,空,平今,5094.0,1,2022-04-07 21:28:35
188,rb2210,SHFE,0_0_      200902,      458338,多,开,5093.0,1,2022-04-07 21:28:40
189,rb2210,SHFE,0_0_      201935,      458419,多,开,5093.0,4,2022-04-07 21:28:41
190,rb2210,SHFE,0_0_      202170,      458425,空,平今,5094.0,1,2022-04-07 21:28:41
191,rb2210,SHFE,0_0_      202170,      458518,空,平今,5094.0,1,2022-04-07 21:28:41
192,rb2210,SHFE,0_0_      202170,      458522,空,平今,5094.0,1,2022-04-07 21:28:41
193,rb2210,SHFE,0_0_      202170,      458707,空,平今,5094.0,1,2022-04-07 21:28:42
194,rb2210,SHFE,0_0_      202984,      459235,多,开,5094.0,3,2022-04-07 21:28:47
195,rb2210,SHFE,0_0_      203006,      461336,空,平今,5095.0,4,2022-04-07 21:29:05
196,rb2210,SHFE,0_0_      205229,      461711,多,开,5094.0,3,2022-04-07 21:29:07
197,rb2210,SHFE,0_0_      206077,      462295,多,开,5094.0,1,2022-04-07 21:29:13
198,rb2210,SHFE,0_0_      206227,      463598,空,平今,5095.0,3,2022-04-07 21:29:22
199,rb2210,SHFE,0_0_      209181,      465625,空,平今,5095.0,1,2022-04-07 21:29:36
200,rb2210,SHFE,0_0_      209449,      465749,多,开,5095.0,1,2022-04-07 21:29:37
201,rb2210,SHFE,0_0_      155463,      471949,多,开,5088.0,2,2022-04-07 21:30:09
202,rb2210,SHFE,0_0_      155463,      471966,多,开,5088.0,1,2022-04-07 21:30:09
203,rb2210,SHFE,0_0_      213857,      472039,空,开,5089.0,4,2022-04-07 21:30:09
204,rb2210,SHFE,0_0_      214001,      473508,空,平今,5089.0,3,2022-04-07 21:30:12
205,rb2210,SHFE,0_0_      214786,      473524,多,开,5088.0,6,2022-04-07 21:30:12
206,rb2210,SHFE,0_0_      214788,      474533,空,平今,5089.0,6,2022-04-07 21:30:14
207,rb2210,SHFE,0_0_      215172,      475681,多,开,5088.0,6,2022-04-07 21:30:16
208,rb2210,SHFE,0_0_      215574,      475699,空,平今,5089.0,6,2022-04-07 21:30:16
209,rb2210,SHFE,0_0_      220562,      482282,空,开,5093.0,4,2022-04-07 21:30:46
210,rb2210,SHFE,0_0_      222156,      482730,多,平今,5093.0,8,2022-04-07 21:30:48
211,rb2210,SHFE,0_0_      229588,      488968,空,平今,5093.0,1,2022-04-07 21:31:24
212,rb2210,SHFE,0_0_      230770,      490506,空,开,5094.0,1,2022-04-07 21:31:34
213,rb2210,SHFE,0_0_      238948,      497771,多,开,5097.0,2,2022-04-07 21:32:16
214,rb2210,SHFE,0_0_      241120,      500511,空,开,5098.0,3,2022-04-07 21:32:29
215,rb2210,SHFE,0_0_      241754,      501237,多,平今,5098.0,1,2022-04-07 21:32:32
216,rb2210,SHFE,0_0_      242667,      502637,多,平今,5099.0,1,2022-04-07 21:32:34
217,rb2210,SHFE,0_0_      245805,      508199,多,开,5101.0,1,2022-04-07 21:32:49
218,rb2210,SHFE,0_0_      246565,      509029,空,开,5101.0,1,2022-04-07 21:32:53
219,rb2210,SHFE,0_0_      246565,      509030,空,开,5101.0,1,2022-04-07 21:32:53
220,rb2210,SHFE,0_0_      246565,      509032,空,开,5101.0,4,2022-04-07 21:32:53
221,rb2210,SHFE,0_0_      247039,      509734,空,平今,5101.0,1,2022-04-07 21:32:57
222,rb2210,SHFE,0_0_      247352,      510263,多,平今,5101.0,3,2022-04-07 21:32:59
223,rb2210,SHFE,0_0_      249237,      512611,多,平今,5100.0,2,2022-04-07 21:33:05
224,rb2210,SHFE,0_0_      249237,      512621,多,平今,5100.0,1,2022-04-07 21:33:05
225,rb2210,SHFE,0_0_      242095,      515696,多,平今,5098.0,2,2022-04-07 21:33:24
226,rb2210,SHFE,0_0_      252913,      516194,多,开,5098.0,1,2022-04-07 21:33:26
227,rb2210,SHFE,0_0_      266311,      527684,空,开,5098.0,3,2022-04-07 21:35:00
228,rb2210,SHFE,0_0_      266963,      528727,多,平今,5098.0,2,2022-04-07 21:35:04
229,rb2210,SHFE,0_0_      267396,      528774,空,平今,5099.0,1,2022-04-07 21:35:04
230,rb2210,SHFE,0_0_      267396,      528805,空,平今,5099.0,1,2022-04-07 21:35:04
231,rb2210,SHFE,0_0_      267556,      529121,多,开,5098.0,2,2022-04-07 21:35:07
232,rb2210,SHFE,0_0_      238516,      529957,多,开,5096.0,1,2022-04-07 21:35:13
233,rb2210,SHFE,0_0_      238516,      530048,多,开,5096.0,1,2022-04-07 21:35:13
234,rb2210,SHFE,0_0_      267760,      535714,空,平今,5099.0,2,2022-04-07 21:35:56
235,rb2210,SHFE,0_0_      275395,      536060,多,开,5098.0,2,2022-04-07 21:35:59
236,rb2210,SHFE,0_0_      281989,      539999,空,开,5096.0,1,2022-04-07 21:36:38
237,rb2210,SHFE,0_0_      281989,      540101,空,开,5096.0,2,2022-04-07 21:36:39
238,rb2210,SHFE,0_0_      281989,      540130,空,开,5096.0,1,2022-04-07 21:36:39
239,rb2210,SHFE,0_0_      281989,      540144,空,开,5096.0,1,2022-04-07 21:36:39
240,rb2210,SHFE,0_0_      281989,      540149,空,开,5096.0,1,2022-04-07 21:36:39
241,rb2210,SHFE,0_0_      281989,      540191,空,开,5096.0,1,2022-04-07 21:36:40
242,rb2210,SHFE,0_0_      231775,      541327,多,开,5093.0,3,2022-04-07 21:36:50
243,rb2210,SHFE,0_0_      284248,      541348,空,平今,5094.0,3,2022-04-07 21:36:50
244,rb2210,SHFE,0_0_      287524,      543747,多,平今,5095.0,1,2022-04-07 21:37:14
245,rb2210,SHFE,0_0_      287602,      543949,多,平今,5095.0,7,2022-04-07 21:37:15
246,rb2210,SHFE,0_0_      288541,      544365,空,开,5095.0,1,2022-04-07 21:37:20
247,rb2210,SHFE,0_0_      288541,      544366,空,开,5095.0,1,2022-04-07 21:37:20
248,rb2210,SHFE,0_0_      288541,      544369,空,开,5095.0,1,2022-04-07 21:37:20
249,rb2210,SHFE,0_0_      288541,      544370,空,开,5095.0,1,2022-04-07 21:37:20
250,rb2210,SHFE,0_0_      294622,      548080,多,平今,5094.0,1,2022-04-07 21:38:04
251,rb2210,SHFE,0_0_      315768,      571159,空,开,5095.0,1,2022-04-07 21:40:38
252,rb2210,SHFE,0_0_      315768,      571191,空,开,5095.0,1,2022-04-07 21:40:39
253,rb2210,SHFE,0_0_      320595,      574321,空,平今,5092.0,1,2022-04-07 21:41:00
254,rb2210,SHFE,0_0_      324200,      577711,空,开,5090.0,2,2022-04-07 21:41:28
255,rb2210,SHFE,0_0_      324466,      578018,多,平今,5089.0,1,2022-04-07 21:41:30
256,rb2210,SHFE,0_0_      324810,      579193,多,平今,5088.0,1,2022-04-07 21:41:33
257,rb2210,SHFE,0_0_      324810,      579194,多,平今,5088.0,1,2022-04-07 21:41:33
258,rb2210,SHFE,0_0_      324810,      579199,多,平今,5088.0,1,2022-04-07 21:41:33
259,rb2210,SHFE,0_0_      325345,      579705,多,平今,5088.0,1,2022-04-07 21:41:37
260,rb2210,SHFE,0_0_      327786,      582962,多,平今,5090.0,1,2022-04-07 21:42:00
261,rb2210,SHFE,0_0_      329423,      584343,空,平今,5091.0,1,2022-04-07 21:42:13
262,rb2210,SHFE,0_0_      331355,      584612,多,平今,5090.0,1,2022-04-07 21:42:17
263,rb2210,SHFE,0_0_      331935,      585030,空,开,5090.0,4,2022-04-07 21:42:21
264,rb2210,SHFE,0_0_      333975,      587524,空,平今,5089.0,3,2022-04-07 21:42:41
265,rb2210,SHFE,0_0_      334716,      588743,多,平今,5088.0,3,2022-04-07 21:42:55
266,rb2210,SHFE,0_0_      336679,      589992,空,开,5089.0,3,2022-04-07 21:43:06
267,rb2210,SHFE,0_0_      338449,      591269,多,平今,5088.0,1,2022-04-07 21:43:20
268,rb2210,SHFE,0_0_      338449,      591272,多,平今,5088.0,2,2022-04-07 21:43:20
269,rb2210,SHFE,0_0_      340122,      591278,空,开,5089.0,3,2022-04-07 21:43:20
270,rb2210,SHFE,0_0_      340123,      596273,多,平今,5088.0,3,2022-04-07 21:44:04
271,rb2210,SHFE,0_0_      346734,      596279,空,开,5089.0,1,2022-04-07 21:44:04
272,rb2210,SHFE,0_0_      346734,      596282,空,开,5089.0,1,2022-04-07 21:44:04
273,rb2210,SHFE,0_0_      346734,      596313,空,开,5089.0,1,2022-04-07 21:44:05
274,rb2210,SHFE,0_0_      348734,      598026,多,平今,5089.0,1,2022-04-07 21:44:21
275,rb2210,SHFE,0_0_      360358,      606678,多,开,5090.0,3,2022-04-07 21:45:45
276,rb2210,SHFE,0_0_      346796,      607374,多,平今,5088.0,1,2022-04-07 21:45:53
277,rb2210,SHFE,0_0_      361539,      608980,空,开,5089.0,4,2022-04-07 21:46:06
278,rb2210,SHFE,0_0_      366638,      611698,多,开,5091.0,2,2022-04-07 21:46:36
279,rb2210,SHFE,0_0_      366638,      611706,多,开,5091.0,1,2022-04-07 21:46:36
280,rb2210,SHFE,0_0_      366638,      611714,多,开,5091.0,1,2022-04-07 21:46:36
281,rb2210,SHFE,0_0_      369766,      614299,空,平今,5091.0,2,2022-04-07 21:47:13
282,rb2210,SHFE,0_0_      369766,      614324,空,平今,5091.0,1,2022-04-07 21:47:13
283,rb2210,SHFE,0_0_      369766,      614527,空,平今,5091.0,1,2022-04-07 21:47:15
284,rb2210,SHFE,0_0_      374141,      619929,多,开,5092.0,1,2022-04-07 21:47:46
285,rb2210,SHFE,0_0_      374141,      620001,多,开,5092.0,1,2022-04-07 21:47:46
286,rb2210,SHFE,0_0_      374141,      620072,多,开,5092.0,1,2022-04-07 21:47:47
287,rb2210,SHFE,0_0_      374141,      620080,多,开,5092.0,1,2022-04-07 21:47:47
288,rb2210,SHFE,0_0_      376390,      620225,空,平今,5093.0,2,2022-04-07 21:47:48
289,rb2210,SHFE,0_0_      376468,      621873,多,平今,5092.0,2,2022-04-07 21:48:00
290,rb2210,SHFE,0_0_      315768,      624026,空,开,5095.0,1,2022-04-07 21:48:17
291,rb2210,SHFE,0_0_      379757,      624050,多,平今,5094.0,1,2022-04-07 21:48:17
292,rb2210,SHFE,0_0_      378082,      627179,多,开,5092.0,1,2022-04-07 21:48:45
293,rb2210,SHFE,0_0_      383440,      627952,空,开,5092.0,1,2022-04-07 21:48:55
294,rb2210,SHFE,0_0_      382743,      631214,空,平今,5093.0,2,2022-04-07 21:49:30
295,rb2210,SHFE,0_0_      382743,      631466,空,平今,5093.0,1,2022-04-07 21:49:34
296,rb2210,SHFE,0_0_      382743,      631477,空,平今,5093.0,2,2022-04-07 21:49:34
297,rb2210,SHFE,0_0_      388446,      631761,多,开,5092.0,4,2022-04-07 21:49:36
298,rb2210,SHFE,0_0_      388534,      631785,空,平今,5093.0,1,2022-04-07 21:49:36
299,rb2210,SHFE,0_0_      388534,      631786,空,平今,5093.0,1,2022-04-07 21:49:36
300,rb2210,SHFE,0_0_      394812,      638748,空,开,5091.0,1,2022-04-07 21:50:36
301,rb2210,SHFE,0_0_      394812,      638749,空,开,5091.0,1,2022-04-07 21:50:36
302,rb2210,SHFE,0_0_      394812,      638752,空,开,5091.0,1,2022-04-07 21:50:36
303,rb2210,SHFE,0_0_      402158,      648580,多,平今,5086.0,4,2022-04-07 21:51:45
304,rb2210,SHFE,0_0_      402879,      649841,空,开,5087.000000000001,4,2022-04-07 21:51:57
305,rb2210,SHFE,0_0_      403887,      660301,多,平今,5086.0,1,2022-04-07 21:53:44
306,rb2210,SHFE,0_0_      403887,      660359,多,平今,5086.0,3,2022-04-07 21:53:44
307,rb2210,SHFE,0_0_      416659,      660779,空,开,5087.0,4,2022-04-07 21:53:48
308,rb2210,SHFE,0_0_      417005,      662273,多,平今,5086.0,2,2022-04-07 21:54:03
309,rb2210,SHFE,0_0_      417005,      662374,多,平今,5086.0,1,2022-04-07 21:54:03
310,rb2210,SHFE,0_0_      417005,      662392,多,平今,5086.0,1,2022-04-07 21:54:03
311,rb2210,SHFE,0_0_      417005,      662484,多,平今,5086.0,2,2022-04-07 21:54:04
312,rb2210,SHFE,0_0_      417005,      662486,多,平今,5086.0,1,2022-04-07 21:54:04
313,rb2210,SHFE,0_0_      418563,      665870,空,开,5087.0,3,2022-04-07 21:54:33
314,rb2210,SHFE,0_0_      415413,      666258,空,平今,5088.0,1,2022-04-07 21:54:36
315,rb2210,SHFE,0_0_      425541,      669128,多,开,5089.0,1,2022-04-07 21:55:08
316,rb2210,SHFE,0_0_      426257,      669769,多,开,5089.0,1,2022-04-07 21:55:16
317,rb2210,SHFE,0_0_      422854,      676557,多,开,5087.0,4,2022-04-07 21:56:12
318,rb2210,SHFE,0_0_      422364,      676771,多,平今,5086.0,4,2022-04-07 21:56:13
319,rb2210,SHFE,0_0_      433363,      677401,空,开,5087.0,4,2022-04-07 21:56:19
320,rb2210,SHFE,0_0_      435247,      679021,空,平今,5087.0,1,2022-04-07 21:56:40
321,rb2210,SHFE,0_0_      433068,      680624,空,平今,5088.0,2,2022-04-07 21:56:58
322,rb2210,SHFE,0_0_      433068,      680966,空,平今,5088.0,1,2022-04-07 21:57:00
323,rb2210,SHFE,0_0_      433068,      681010,空,平今,5088.0,1,2022-04-07 21:57:00
324,rb2210,SHFE,0_0_      433068,      681012,空,平今,5088.0,1,2022-04-07 21:57:00
325,rb2210,SHFE,0_0_      437863,      682526,多,平今,5087.0,3,2022-04-07 21:57:08
326,rb2210,SHFE,0_0_      443220,      686467,空,平今,5087.0,1,2022-04-07 21:57:43
327,rb2210,SHFE,0_0_      447309,      689284,空,开,5086.0,1,2022-04-07 21:58:02
328,rb2210,SHFE,0_0_      444157,      689500,空,开,5087.0,1,2022-04-07 21:58:04
329,rb2210,SHFE,0_0_      449328,      691171,空,开,5087.0,2,2022-04-07 21:58:18
330,rb2210,SHFE,0_0_      456353,      696733,多,平今,5084.0,2,2022-04-07 21:59:06
331,rb2210,SHFE,0_0_      456573,      696739,空,开,5085.0,2,2022-04-07 21:59:06
332,rb2210,SHFE,0_0_      456581,      696772,多,平今,5084.0,2,2022-04-07 21:59:07
333,rb2210,SHFE,0_0_      457667,      697423,空,开,5084.0,1,2022-04-07 21:59:12
334,rb2210,SHFE,0_0_      457667,      697450,空,开,5084.0,1,2022-04-07 21:59:12
335,rb2210,SHFE,0_0_      457667,      697451,空,开,5084.0,1,2022-04-07 21:59:12
336,rb2210,SHFE,0_0_      457794,      697579,空,开,5084.0,1,2022-04-07 21:59:13
337,rb2210,SHFE,0_0_      457927,      697666,空,开,5084.0,1,2022-04-07 21:59:14
338,rb2210,SHFE,0_0_      458453,      698534,多,平今,5083.0,4,2022-04-07 21:59:20
339,rb2210,SHFE,0_0_      458859,      698726,空,开,5084.0,1,2022-04-07 21:59:21
340,rb2210,SHFE,0_0_      458859,      698728,空,开,5084.0,1,2022-04-07 21:59:21
341,rb2210,SHFE,0_0_      458859,      698730,空,开,5084.0,1,2022-04-07 21:59:21
342,rb2210,SHFE,0_0_      458859,      698731,空,开,5084.0,1,2022-04-07 21:59:21
343,rb2210,SHFE,0_0_      456586,      699627,空,平今,5085.0,1,2022-04-07 21:59:29
344,rb2210,SHFE,0_0_      459932,      699835,多,平今,5084.0,2,2022-04-07 21:59:33
345,rb2210,SHFE,0_0_      459037,      700124,多,平今,5083.0,4,2022-04-07 21:59:36
346,rb2210,SHFE,0_0_      460436,      700186,空,开,5084.0,1,2022-04-07 21:59:37
347,rb2210,SHFE,0_0_      460436,      700187,空,开,5084.0,1,2022-04-07 21:59:37
348,rb2210,SHFE,0_0_      460436,      700216,空,开,5084.0,3,2022-04-07 21:59:37
349,rb2210,SHFE,0_0_      462967,      702706,多,平今,5082.0,1,2022-04-07 21:59:56
350,rb2210,SHFE,0_0_      463232,      702887,空,开,5082.0,1,2022-04-07 21:59:57
351,rb2210,SHFE,0_0_      463400,      703129,多,平今,5082.0,2,2022-04-07 21:59:59
352,rb2210,SHFE,0_0_      464415,      704642,多,开,5084.0,1,2022-04-07 22:00:03
353,rb2210,SHFE,0_0_      464415,      704665,多,开,5084.0,1,2022-04-07 22:00:03
354,rb2210,SHFE,0_0_      464415,      704666,多,开,5084.0,1,2022-04-07 22:00:03
355,rb2210,SHFE,0_0_      464415,      704668,多,开,5084.0,2,2022-04-07 22:00:03
356,rb2210,SHFE,0_0_      464415,      704800,多,开,5084.0,2,2022-04-07 22:00:03
357,rb2210,SHFE,0_0_      464415,      704811,多,开,5084.0,1,2022-04-07 22:00:03
358,rb2210,SHFE,0_0_      467283,      707846,空,平今,5083.0,1,2022-04-07 22:00:18
359,rb2210,SHFE,0_0_      467283,      707850,空,平今,5083.0,1,2022-04-07 22:00:18
360,rb2210,SHFE,0_0_      467283,      707857,空,平今,5083.0,1,2022-04-07 22:00:18
361,rb2210,SHFE,0_0_      467283,      707870,空,平今,5083.0,1,2022-04-07 22:00:19
362,rb2210,SHFE,0_0_      463983,      707998,多,平今,5082.0,2,2022-04-07 22:00:19
363,rb2210,SHFE,0_0_      467385,      708092,空,平今,5083.0,2,2022-04-07 22:00:19
364,rb2210,SHFE,0_0_      467868,      709011,多,平今,5082.0,1,2022-04-07 22:00:26
365,rb2210,SHFE,0_0_      469081,      709996,多,平今,5082.0,1,2022-04-07 22:00:32
366,rb2210,SHFE,0_0_      473804,      715130,多,平今,5082.0,1,2022-04-07 22:01:02
367,rb2210,SHFE,0_0_      469484,      715350,空,平今,5083.0,2,2022-04-07 22:01:05
368,rb2210,SHFE,0_0_      474629,      715708,多,开,5082.0,2,2022-04-07 22:01:08
369,rb2210,SHFE,0_0_      482115,      723660,空,平今,5078.0,1,2022-04-07 22:01:55
370,rb2210,SHFE,0_0_      494471,      736110,多,开,5077.0,2,2022-04-07 22:03:20
371,rb2210,SHFE,0_0_      509617,      749069,空,平今,5074.0,1,2022-04-07 22:04:54
372,rb2210,SHFE,0_0_      510088,      749865,多,开,5073.0,2,2022-04-07 22:04:56
373,rb2210,SHFE,0_0_      510089,      750347,空,平今,5074.0,2,2022-04-07 22:04:59
374,rb2210,SHFE,0_0_      510573,      750421,多,开,5073.0,1,2022-04-07 22:05:00
375,rb2210,SHFE,0_0_      510573,      750442,多,开,5073.0,1,2022-04-07 22:05:00
376,rb2210,SHFE,0_0_      510573,      750445,多,开,5073.0,1,2022-04-07 22:05:00
377,rb2210,SHFE,0_0_      510732,      750659,空,平今,5074.0,1,2022-04-07 22:05:00
378,rb2210,SHFE,0_0_      510732,      750661,空,平今,5074.0,1,2022-04-07 22:05:00
379,rb2210,SHFE,0_0_      512579,      752972,空,开,5070.0,4,2022-04-07 22:05:12
380,rb2210,SHFE,0_0_      526542,      775523,空,开,5063.0,4,2022-04-07 22:06:32
381,rb2210,SHFE,0_0_      526968,      775674,多,平今,5062.0,4,2022-04-07 22:06:32
382,rb2210,SHFE,0_0_      531532,      784067,多,平今,5065.0,1,2022-04-07 22:07:06
383,rb2210,SHFE,0_0_      531859,      784661,空,平今,5066.0,1,2022-04-07 22:07:08
384,rb2210,SHFE,0_0_      532117,      784724,多,平今,5065.0,1,2022-04-07 22:07:08
385,rb2210,SHFE,0_0_      532157,      784790,空,平今,5066.0,1,2022-04-07 22:07:09
386,rb2210,SHFE,0_0_      532194,      785226,空,开,5066.0,2,2022-04-07 22:07:11
387,rb2210,SHFE,0_0_      532446,      785691,多,平今,5065.0,2,2022-04-07 22:07:13
388,rb2210,SHFE,0_0_      532777,      785846,空,开,5066.0,1,2022-04-07 22:07:14
389,rb2210,SHFE,0_0_      532777,      785847,空,开,5066.0,1,2022-04-07 22:07:14
390,rb2210,SHFE,0_0_      532927,      786096,多,平今,5065.0,3,2022-04-07 22:07:15
391,rb2210,SHFE,0_0_      536369,      790436,空,开,5066.0,2,2022-04-07 22:07:42
392,rb2210,SHFE,0_0_      539861,      795502,空,开,5068.0,3,2022-04-07 22:08:03
393,rb2210,SHFE,0_0_      540636,      803650,多,平今,5069.0,2,2022-04-07 22:08:39
394,rb2210,SHFE,0_0_      546156,      803706,空,开,5070.0,2,2022-04-07 22:08:39
395,rb2210,SHFE,0_0_      546912,      804938,多,平今,5069.0,1,2022-04-07 22:08:44
396,rb2210,SHFE,0_0_      547997,      805641,多,平今,5069.0,1,2022-04-07 22:08:49
397,rb2210,SHFE,0_0_      547997,      805643,多,平今,5069.0,1,2022-04-07 22:08:49
398,rb2210,SHFE,0_0_      547997,      805695,多,平今,5069.0,1,2022-04-07 22:08:50
399,rb2210,SHFE,0_0_      547997,      805800,多,平今,5069.0,1,2022-04-07 22:08:51
400,rb2210,SHFE,0_0_      549383,      806892,多,平今,5070.0,1,2022-04-07 22:08:57
401,rb2210,SHFE,0_0_      555524,      813305,空,开,5068.0,6,2022-04-07 22:09:35
402,rb2210,SHFE,0_0_      573346,      829877,多,平今,5073.0,1,2022-04-07 22:11:19
403,rb2210,SHFE,0_0_      573346,      829934,多,平今,5073.0,2,2022-04-07 22:11:20
404,rb2210,SHFE,0_0_      576168,      866717,空,开,5073.0,2,2022-04-07 22:16:35
405,rb2210,SHFE,0_0_      620617,      866787,多,平今,5072.0,2,2022-04-07 22:16:36
406,rb2210,SHFE,0_0_      624987,      872492,多,平今,5078.0,1,2022-04-07 22:17:17
407,rb2210,SHFE,0_0_      626459,      874508,空,平今,5076.0,1,2022-04-07 22:17:26
408,rb2210,SHFE,0_0_      625422,      883308,空,开,5079.0,1,2022-04-07 22:18:43
409,rb2210,SHFE,0_0_      625422,      883485,空,开,5079.0,3,2022-04-07 22:18:43
410,rb2210,SHFE,0_0_      641958,      889777,空,开,5078.0,1,2022-04-07 22:19:34
411,rb2210,SHFE,0_0_      649733,      897588,多,平今,5080.0,4,2022-04-07 22:20:36
412,rb2210,SHFE,0_0_      647507,      901033,多,开,5077.0,4,2022-04-07 22:21:00
413,rb2210,SHFE,0_0_      647507,      901034,多,开,5077.0,4,2022-04-07 22:21:00
414,rb2210,SHFE,0_0_      652668,      902782,空,开,5078.0,1,2022-04-07 22:21:13
415,rb2210,SHFE,0_0_      653120,      902861,空,平今,5078.0,2,2022-04-07 22:21:13
416,rb2210,SHFE,0_0_      654536,      906274,多,平今,5077.0,1,2022-04-07 22:21:46
417,rb2210,SHFE,0_0_      654536,      906457,多,平今,5077.0,1,2022-04-07 22:21:47
418,rb2210,SHFE,0_0_      660939,      908409,空,平今,5077.0,1,2022-04-07 22:22:11
419,rb2210,SHFE,0_0_      658724,      912973,空,平今,5078.0,1,2022-04-07 22:22:48
420,rb2210,SHFE,0_0_      676593,      922212,空,平今,5070.0,2,2022-04-07 22:24:28
421,rb2210,SHFE,0_0_      688835,      931464,空,开,5074.0,2,2022-04-07 22:26:03
422,rb2210,SHFE,0_0_      688835,      931515,空,开,5074.0,2,2022-04-07 22:26:04
423,rb2210,SHFE,0_0_      689307,      931775,多,平今,5074.0,2,2022-04-07 22:26:07
424,rb2210,SHFE,0_0_      694341,      935125,空,平今,5072.0,1,2022-04-07 22:26:58
425,rb2210,SHFE,0_0_      710204,      947731,空,开,5073.0,1,2022-04-07 22:29:42
426,rb2210,SHFE,0_0_      711155,      947840,多,平今,5072.0,2,2022-04-07 22:29:44
427,rb2210,SHFE,0_0_      712542,      949509,空,开,5072.0,1,2022-04-07 22:30:08
428,rb2210,SHFE,0_0_      713464,      949955,空,开,5073.0,4,2022-04-07 22:30:13
429,rb2210,SHFE,0_0_      666758,      950946,空,平今,5076.0,1,2022-04-07 22:30:20
430,rb2210,SHFE,0_0_      715396,      954873,多,开,5078.0,8,2022-04-07 22:30:56
431,rb2210,SHFE,0_0_      720389,      955991,空,平今,5082.0,1,2022-04-07 22:31:04
432,rb2210,SHFE,0_0_      725308,      961380,多,平今,5082.0,1,2022-04-07 22:31:53
433,rb2210,SHFE,0_0_      725308,      961403,多,平今,5082.0,1,2022-04-07 22:31:53
434,rb2210,SHFE,0_0_      720711,      962710,空,平今,5084.0,1,2022-04-07 22:32:03
435,rb2210,SHFE,0_0_      726700,      962944,多,平今,5084.0,1,2022-04-07 22:32:03
436,rb2210,SHFE,0_0_      726700,      962954,多,平今,5084.0,1,2022-04-07 22:32:03
437,rb2210,SHFE,0_0_      726700,      962993,多,平今,5084.0,1,2022-04-07 22:32:03
438,rb2210,SHFE,0_0_      726700,      962994,多,平今,5084.0,1,2022-04-07 22:32:03
439,rb2210,SHFE,0_0_      728855,      965228,空,平今,5085.0,3,2022-04-07 22:32:25
440,rb2210,SHFE,0_0_      734429,      971894,空,平今,5085.0,3,2022-04-07 22:33:48
441,rb2210,SHFE,0_0_      745348,      980953,空,开,5085.0,1,2022-04-07 22:35:28
442,rb2210,SHFE,0_0_      748697,      985480,多,平今,5088.0,3,2022-04-07 22:35:55
443,rb2210,SHFE,0_0_      749417,      986024,空,开,5089.0,4,2022-04-07 22:35:59
444,rb2210,SHFE,0_0_      749470,      986113,空,开,5089.0,2,2022-04-07 22:36:00
445,rb2210,SHFE,0_0_      749470,      986117,空,开,5089.0,1,2022-04-07 22:36:00
446,rb2210,SHFE,0_0_      749470,      986145,空,开,5089.0,1,2022-04-07 22:36:00
447,rb2210,SHFE,0_0_      761741,     1000803,多,平今,5086.0,3,2022-04-07 22:37:46
448,rb2210,SHFE,0_0_      761741,     1000830,多,平今,5086.0,1,2022-04-07 22:37:46
449,rb2210,SHFE,0_0_      785093,     1021569,多,平今,5083.0,2,2022-04-07 22:41:25
450,rb2210,SHFE,0_0_      801306,     1037545,多,开,5076.0,1,2022-04-07 22:43:40
451,rb2210,SHFE,0_0_      801306,     1037547,多,开,5076.0,1,2022-04-07 22:43:40
452,rb2210,SHFE,0_0_      801306,     1037559,多,开,5076.0,1,2022-04-07 22:43:41
453,rb2210,SHFE,0_0_      801306,     1037561,多,开,5076.0,1,2022-04-07 22:43:41
454,rb2210,SHFE,0_0_      790515,     1041534,空,开,5082.0,1,2022-04-07 22:44:31
455,rb2210,SHFE,0_0_      807425,     1041813,多,平今,5081.0,1,2022-04-07 22:44:36
456,rb2210,SHFE,0_0_      807732,     1045676,空,平今,5082.0,1,2022-04-07 22:45:05
457,rb2210,SHFE,0_0_      845974,     1076905,空,开,5076.0,6,2022-04-07 22:49:58
458,rb2210,SHFE,0_0_      849641,     1081823,多,平今,5074.0,4,2022-04-07 22:50:32
459,rb2210,SHFE,0_0_      855690,     1089016,空,平今,5069.0,3,2022-04-07 22:51:15
460,rb2210,SHFE,0_0_      864150,     1096065,空,开,5077.0,3,2022-04-07 22:52:26
461,rb2210,SHFE,0_0_      855696,     1101986,多,平今,5068.0,3,2022-04-07 22:53:14
462,rb2210,SHFE,0_0_      870719,     1102075,空,开,5069.0,1,2022-04-07 22:53:15
463,rb2210,SHFE,0_0_      870719,     1102100,空,开,5069.0,1,2022-04-07 22:53:15
464,rb2210,SHFE,0_0_      870719,     1102113,空,开,5069.0,1,2022-04-07 22:53:15
465,rb2210,SHFE,0_0_      871546,     1103147,空,开,5068.0,1,2022-04-07 22:53:21
466,rb2210,SHFE,0_0_      871725,     1103248,多,平今,5067.0,1,2022-04-07 22:53:21
467,rb2210,SHFE,0_0_      871783,     1103355,空,开,5068.0,1,2022-04-07 22:53:22
468,rb2210,SHFE,0_0_      871892,     1103683,多,平今,5068.0,2,2022-04-07 22:53:24
469,rb2210,SHFE,0_0_      873066,     1104819,多,平今,5069.0,1,2022-04-07 22:53:35
470,rb2210,SHFE,0_0_      876113,     1107498,多,平今,5067.0,2,2022-04-07 22:53:55
471,rb2210,SHFE,0_0_      877474,     1108830,多,开,5066.0,1,2022-04-07 22:54:03
472,rb2210,SHFE,0_0_      877474,     1108831,多,开,5066.0,1,2022-04-07 22:54:03
473,rb2210,SHFE,0_0_      877474,     1108832,多,开,5066.0,1,2022-04-07 22:54:03
474,rb2210,SHFE,0_0_      877474,     1108833,多,开,5066.0,1,2022-04-07 22:54:03
475,rb2210,SHFE,0_0_      877474,     1108834,多,开,5066.0,1,2022-04-07 22:54:03
476,rb2210,SHFE,0_0_      877474,     1108835,多,开,5066.0,1,2022-04-07 22:54:03
477,rb2210,SHFE,0_0_      881990,     1114058,空,平今,5062.0,1,2022-04-07 22:54:39
478,rb2210,SHFE,0_0_      883193,     1117037,多,平今,5058.0,3,2022-04-07 22:54:50
479,rb2210,SHFE,0_0_      886176,     1121065,空,开,5055.0,8,2022-04-07 22:55:12
480,rb2210,SHFE,0_0_      886305,     1121503,多,平今,5054.0,4,2022-04-07 22:55:14
481,rb2210,SHFE,0_0_      886476,     1126655,空,平今,5055.0,4,2022-04-07 22:55:32
482,rb2210,SHFE,0_0_      888959,     1126661,多,开,5054.0,4,2022-04-07 22:55:32
483,rb2210,SHFE,0_0_      888885,     1128998,多,平今,5053.0,2,2022-04-07 22:55:47
484,rb2210,SHFE,0_0_      890683,     1129095,空,平今,5054.0,1,2022-04-07 22:55:48
485,rb2210,SHFE,0_0_      890683,     1129116,空,平今,5054.0,1,2022-04-07 22:55:48
486,rb2210,SHFE,0_0_      890683,     1129117,空,平今,5054.0,1,2022-04-07 22:55:48
487,rb2210,SHFE,0_0_      890683,     1129120,空,平今,5054.0,1,2022-04-07 22:55:48
488,rb2210,SHFE,0_0_      890957,     1129320,空,开,5054.0,1,2022-04-07 22:55:50
489,rb2210,SHFE,0_0_      890957,     1129376,空,开,5054.0,1,2022-04-07 22:55:50
490,rb2210,SHFE,0_0_      890957,     1129377,空,开,5054.0,1,2022-04-07 22:55:51
491,rb2210,SHFE,0_0_      890957,     1129420,空,开,5054.0,1,2022-04-07 22:55:51
492,rb2210,SHFE,0_0_      892081,     1130333,空,开,5054.0,2,2022-04-07 22:55:59
493,rb2210,SHFE,0_0_      892394,     1130834,多,平今,5053.0,1,2022-04-07 22:56:02
494,rb2210,SHFE,0_0_      892938,     1131708,多,平今,5051.0,4,2022-04-07 22:56:06
495,rb2210,SHFE,0_0_      893236,     1132218,多,开,5052.0,4,2022-04-07 22:56:09
496,rb2210,SHFE,0_0_      896675,     1135352,空,平今,5055.0,1,2022-04-07 22:56:31
497,rb2210,SHFE,0_0_      893573,     1135478,多,平今,5053.0,1,2022-04-07 22:56:32
498,rb2210,SHFE,0_0_      896813,     1135597,空,平今,5054.0,1,2022-04-07 22:56:34
499,rb2210,SHFE,0_0_      897264,     1136383,空,平今,5055.0,1,2022-04-07 22:56:42
500,rb2210,SHFE,0_0_      897412,     1136469,多,开,5054.0,2,2022-04-07 22:56:43
501,rb2210,SHFE,0_0_      897412,     1136471,多,开,5054.0,1,2022-04-07 22:56:43
502,rb2210,SHFE,0_0_      898139,     1137907,空,平今,5055.0,4,2022-04-07 22:56:57
503,rb2210,SHFE,0_0_      898991,     1138020,多,开,5054.0,1,2022-04-07 22:56:58
504,rb2210,SHFE,0_0_      898991,     1138030,多,开,5054.0,6,2022-04-07 22:56:58
505,rb2210,SHFE,0_0_      899196,     1138292,多,平今,5054.0,1,2022-04-07 22:57:00
506,rb2210,SHFE,0_0_      899832,     1139176,空,平今,5052.0,1,2022-04-07 22:57:03
507,rb2210,SHFE,0_0_      899832,     1139214,空,平今,5052.0,1,2022-04-07 22:57:03
508,rb2210,SHFE,0_0_      899832,     1139223,空,平今,5052.0,1,2022-04-07 22:57:03
509,rb2210,SHFE,0_0_      902208,     1141718,空,开,5050.0,3,2022-04-07 22:57:17
510,rb2210,SHFE,0_0_      906001,     1147175,空,开,5049.0,1,2022-04-07 22:57:47
511,rb2210,SHFE,0_0_      906001,     1147178,空,开,5049.0,2,2022-04-07 22:57:47
512,rb2210,SHFE,0_0_      906077,     1147299,空,平今,5049.0,1,2022-04-07 22:57:48
513,rb2210,SHFE,0_0_      906110,     1147365,空,开,5049.0,1,2022-04-07 22:57:48
514,rb2210,SHFE,0_0_      907439,     1149378,多,平今,5052.0,1,2022-04-07 22:58:00
515,rb2210,SHFE,0_0_      907439,     1149380,多,平今,5052.0,1,2022-04-07 22:58:00
516,rb2210,SHFE,0_0_      907672,     1149466,多,平今,5052.0,1,2022-04-07 22:58:00
517,rb2210,SHFE,0_0_      911505,     1154263,多,平今,5048.0,1,2022-04-07 22:58:27
518,rb2210,SHFE,0_0_      911505,     1154276,多,平今,5048.0,1,2022-04-07 22:58:27
519,rb2210,SHFE,0_0_      911505,     1154277,多,平今,5048.0,1,2022-04-07 22:58:27
520,rb2210,SHFE,0_0_      912494,     1155518,空,开,5050.0,1,2022-04-07 22:58:35
521,rb2210,SHFE,0_0_      912541,     1155626,多,平今,5049.0,2,2022-04-07 22:58:36
522,rb2210,SHFE,0_0_      912637,     1155646,空,开,5050.0,2,2022-04-07 22:58:36
523,rb2210,SHFE,0_0_      912654,     1155909,多,平今,5049.0,2,2022-04-07 22:58:38
524,rb2210,SHFE,0_0_      912789,     1155912,空,开,5050.0,1,2022-04-07 22:58:38
525,rb2210,SHFE,0_0_      912789,     1155917,空,开,5050.0,1,2022-04-07 22:58:38
526,rb2210,SHFE,0_0_      912790,     1156014,多,平今,5049.000000000001,2,2022-04-07 22:58:38
527,rb2210,SHFE,0_0_      912988,     1156104,空,开,5050.0,2,2022-04-07 22:58:39
528,rb2210,SHFE,0_0_     1313735,     1444286,多,平今,5051.0,3,2022-04-08 09:00:21
529,rb2210,SHFE,0_0_     1314302,     1450257,空,开,5049.0,1,2022-04-08 09:00:38
530,rb2210,SHFE,0_0_     1314388,     1451511,空,开,5049.0,2,2022-04-08 09:00:43
531,rb2210,SHFE,0_0_     1314388,     1451512,空,开,5049.0,1,2022-04-08 09:00:43
532,rb2210,SHFE,0_0_     1315351,     1462636,空,平今,5056.0,4,2022-04-08 09:01:19
533,rb2210,SHFE,0_0_     1315520,     1464546,多,平今,5054.0,4,2022-04-08 09:01:26
534,rb2210,SHFE,0_0_     1315545,     1464604,空,开,5055.0,1,2022-04-08 09:01:26
535,rb2210,SHFE,0_0_     1315545,     1464605,空,开,5055.0,1,2022-04-08 09:01:26
536,rb2210,SHFE,0_0_     1315545,     1464659,空,开,5055.0,2,2022-04-08 09:01:26
537,rb2210,SHFE,0_0_     1315560,     1465019,空,开,5055.000000000001,2,2022-04-08 09:01:28
538,rb2210,SHFE,0_0_     1315560,     1465020,空,开,5055.000000000001,2,2022-04-08 09:01:28
539,rb2210,SHFE,0_0_     1316510,     1480644,多,平今,5050.0,3,2022-04-08 09:02:29
540,rb2210,SHFE,0_0_     1316726,     1482560,空,开,5048.0,2,2022-04-08 09:02:39
541,rb2210,SHFE,0_0_     1316732,     1482903,多,平今,5047.0,2,2022-04-08 09:02:40
542,rb2210,SHFE,0_0_     1316755,     1482926,空,开,5048.0,2,2022-04-08 09:02:40
543,rb2210,SHFE,0_0_     1316763,     1483163,多,平今,5047.0,1,2022-04-08 09:02:41
544,rb2210,SHFE,0_0_     1319037,     1498357,空,开,5047.0,2,2022-04-08 09:03:46
545,rb2210,SHFE,0_0_     1319068,     1498411,多,平今,5046.000000000001,2,2022-04-08 09:03:46
546,rb2210,SHFE,0_0_     1319079,     1498676,空,开,5047.0,2,2022-04-08 09:03:48
547,rb2210,SHFE,0_0_     1319161,     1498680,多,平今,5046.0,1,2022-04-08 09:03:48
548,rb2210,SHFE,0_0_     1319161,     1498686,多,平今,5046.0,1,2022-04-08 09:03:48
549,rb2210,SHFE,0_0_     1321554,     1509282,多,平今,5035.0,4,2022-04-08 09:04:34
550,rb2210,SHFE,0_0_     1321603,     1509292,空,开,5036.0,1,2022-04-08 09:04:34
551,rb2210,SHFE,0_0_     1321603,     1509293,空,开,5036.0,1,2022-04-08 09:04:34
552,rb2210,SHFE,0_0_     1321603,     1509299,空,开,5036.0,2,2022-04-08 09:04:34
553,rb2210,SHFE,0_0_     1321604,     1509301,多,平今,5035.0,1,2022-04-08 09:04:34
554,rb2210,SHFE,0_0_     1321604,     1509303,多,平今,5035.0,3,2022-04-08 09:04:34
555,rb2210,SHFE,0_0_     1321605,     1509487,空,开,5036.0,1,2022-04-08 09:04:35
556,rb2210,SHFE,0_0_     1321605,     1509628,空,开,5036.0,1,2022-04-08 09:04:35
557,rb2210,SHFE,0_0_     1321605,     1509646,空,开,5036.0,1,2022-04-08 09:04:35
558,rb2210,SHFE,0_0_     1321605,     1511808,空,开,5036.0,1,2022-04-08 09:04:38
559,rb2210,SHFE,0_0_     1321928,     1512110,多,平今,5035.0,1,2022-04-08 09:04:38
560,rb2210,SHFE,0_0_     1321976,     1512317,多,平今,5034.0,4,2022-04-08 09:04:39
561,rb2210,SHFE,0_0_     1321989,     1512352,空,开,5035.0,3,2022-04-08 09:04:39
562,rb2210,SHFE,0_0_     1321989,     1512390,空,开,5035.0,1,2022-04-08 09:04:39
563,rb2210,SHFE,0_0_     1322021,     1512553,空,开,5035.0,3,2022-04-08 09:04:39
564,rb2210,SHFE,0_0_     1322022,     1512579,多,平今,5034.0,4,2022-04-08 09:04:39
565,rb2210,SHFE,0_0_     1322024,     1512605,空,开,5035.0,4,2022-04-08 09:04:39
566,rb2210,SHFE,0_0_     1322036,     1512636,多,平今,5034.0,1,2022-04-08 09:04:40
567,rb2210,SHFE,0_0_     1322036,     1512642,多,平今,5034.0,3,2022-04-08 09:04:40
568,rb2210,SHFE,0_0_     1322471,     1514346,多,平今,5037.0,1,2022-04-08 09:04:48
569,rb2210,SHFE,0_0_     1322471,     1514347,多,平今,5037.0,1,2022-04-08 09:04:48
570,rb2210,SHFE,0_0_     1324463,     1518581,多,平今,5039.0,1,2022-04-08 09:05:04
571,rb2210,SHFE,0_0_     1324883,     1519599,多,平今,5039.0,1,2022-04-08 09:05:08
572,rb2210,SHFE,0_0_     1327884,     1526906,多,开,5029.0,5,2022-04-08 09:05:29
573,rb2210,SHFE,0_0_     1329014,     1530847,空,平今,5030.0,4,2022-04-08 09:05:39
574,rb2210,SHFE,0_0_     1329121,     1530922,多,开,5028.0,1,2022-04-08 09:05:40
575,rb2210,SHFE,0_0_     1329121,     1530935,多,开,5028.0,1,2022-04-08 09:05:40
576,rb2210,SHFE,0_0_     1329121,     1530986,多,开,5028.0,1,2022-04-08 09:05:40
577,rb2210,SHFE,0_0_     1329121,     1530995,多,开,5028.0,1,2022-04-08 09:05:40
578,rb2210,SHFE,0_0_     1329415,     1531886,空,平今,5028.0,4,2022-04-08 09:05:43
579,rb2210,SHFE,0_0_     1331075,     1536275,多,开,5030.0,3,2022-04-08 09:05:56
580,rb2210,SHFE,0_0_     1331075,     1536277,多,开,5030.0,1,2022-04-08 09:05:56
581,rb2210,SHFE,0_0_     1331141,     1536289,空,平今,5031.0,2,2022-04-08 09:05:57
582,rb2210,SHFE,0_0_     1331141,     1536290,空,平今,5031.0,2,2022-04-08 09:05:57
583,rb2210,SHFE,0_0_     1331199,     1537224,多,开,5031.0,2,2022-04-08 09:05:59
584,rb2210,SHFE,0_0_     1331759,     1538041,多,开,5030.0,1,2022-04-08 09:06:02
585,rb2210,SHFE,0_0_     1331759,     1538049,多,开,5030.0,1,2022-04-08 09:06:02
586,rb2210,SHFE,0_0_     1331849,     1538121,空,平今,5031.0,1,2022-04-08 09:06:02
587,rb2210,SHFE,0_0_     1331849,     1538125,空,平今,5031.0,1,2022-04-08 09:06:02
588,rb2210,SHFE,0_0_     1327000,     1539078,空,开,5034.0,2,2022-04-08 09:06:07
589,rb2210,SHFE,0_0_     1327000,     1539102,空,开,5034.0,1,2022-04-08 09:06:07
590,rb2210,SHFE,0_0_     1332350,     1539192,多,平今,5033.0,2,2022-04-08 09:06:08
591,rb2210,SHFE,0_0_     1332350,     1539215,多,平今,5033.0,1,2022-04-08 09:06:08
592,rb2210,SHFE,0_0_     1332396,     1539278,空,平今,5034.0,1,2022-04-08 09:06:08
593,rb2210,SHFE,0_0_     1332413,     1539317,多,开,5033.0,1,2022-04-08 09:06:08
594,rb2210,SHFE,0_0_     1332419,     1539389,空,平今,5034.0,1,2022-04-08 09:06:09
595,rb2210,SHFE,0_0_     1332432,     1539393,多,开,5033.0,1,2022-04-08 09:06:09
596,rb2210,SHFE,0_0_     1332436,     1539915,空,平今,5034.0,1,2022-04-08 09:06:09
597,rb2210,SHFE,0_0_     1333560,     1544063,空,开,5037.0,8,2022-04-08 09:06:26
598,rb2210,SHFE,0_0_     1335039,     1545641,多,平今,5038.0,8,2022-04-08 09:06:36
599,rb2210,SHFE,0_0_     1336138,     1548389,多,开,5039.0,3,2022-04-08 09:06:49
600,rb2210,SHFE,0_0_     1336479,     1551699,空,开,5040.0,7,2022-04-08 09:07:10
601,rb2210,SHFE,0_0_     1339043,     1553110,多,平今,5039.0,1,2022-04-08 09:07:16
602,rb2210,SHFE,0_0_     1339043,     1553111,多,平今,5039.0,1,2022-04-08 09:07:16
603,rb2210,SHFE,0_0_     1339043,     1553115,多,平今,5039.0,2,2022-04-08 09:07:16
604,rb2210,SHFE,0_0_     1339053,     1553178,空,平今,5040.0,1,2022-04-08 09:07:16
605,rb2210,SHFE,0_0_     1339124,     1553734,多,平今,5039.0,1,2022-04-08 09:07:19
606,rb2210,SHFE,0_0_     1339713,     1554282,空,平今,5040.0,1,2022-04-08 09:07:22
607,rb2210,SHFE,0_0_     1339742,     1554437,多,开,5040.0,3,2022-04-08 09:07:23
608,rb2210,SHFE,0_0_     1341265,     1558010,多,平今,5039.0,1,2022-04-08 09:07:41
609,rb2210,SHFE,0_0_     1341403,     1559097,空,平今,5040.0,2,2022-04-08 09:07:48
610,rb2210,SHFE,0_0_     1341403,     1559108,空,平今,5040.0,1,2022-04-08 09:07:49
611,rb2210,SHFE,0_0_     1341403,     1559113,空,平今,5040.0,1,2022-04-08 09:07:49
612,rb2210,SHFE,0_0_     1342376,     1560186,空,开,5038.0,6,2022-04-08 09:07:54
613,rb2210,SHFE,0_0_     1332521,     1561866,多,开,5033.0,1,2022-04-08 09:08:03
614,rb2210,SHFE,0_0_     1343425,     1561903,空,平今,5034.0,1,2022-04-08 09:08:04
615,rb2210,SHFE,0_0_     1345576,     1565689,多,平今,5037.0,1,2022-04-08 09:08:26
616,rb2210,SHFE,0_0_     1345833,     1565905,空,开,5038.0,1,2022-04-08 09:08:27
617,rb2210,SHFE,0_0_     1349618,     1569952,空,平今,5043.0,1,2022-04-08 09:08:59
618,rb2210,SHFE,0_0_     1354089,     1576477,多,平今,5045.0,3,2022-04-08 09:09:50
619,rb2210,SHFE,0_0_     1354089,     1576478,多,平今,5045.0,1,2022-04-08 09:09:50
620,rb2210,SHFE,0_0_     1355166,     1578815,多,平今,5047.0,1,2022-04-08 09:10:05
621,rb2210,SHFE,0_0_     1355166,     1578821,多,平今,5047.0,1,2022-04-08 09:10:05
622,rb2210,SHFE,0_0_     1356009,     1579702,多,平今,5047.0,1,2022-04-08 09:10:11
623,rb2210,SHFE,0_0_     1357347,     1583077,空,开,5049.0,2,2022-04-08 09:10:32
624,rb2210,SHFE,0_0_     1357347,     1583103,空,开,5049.0,2,2022-04-08 09:10:32
625,rb2210,SHFE,0_0_     1358681,     1583253,多,平今,5048.0,1,2022-04-08 09:10:33
626,rb2210,SHFE,0_0_     1358681,     1583254,多,平今,5048.0,1,2022-04-08 09:10:33
627,rb2210,SHFE,0_0_     1358681,     1583255,多,平今,5048.0,2,2022-04-08 09:10:33
628,rb2210,SHFE,0_0_     1368159,     1594656,空,开,5047.0,3,2022-04-08 09:11:46
629,rb2210,SHFE,0_0_     1370951,     1597278,空,平今,5045.0,1,2022-04-08 09:12:05
630,rb2210,SHFE,0_0_     1375400,     1602932,多,平今,5050.0,1,2022-04-08 09:12:39
631,rb2210,SHFE,0_0_     1378072,     1605432,多,开,5051.0,3,2022-04-08 09:12:59
632,rb2210,SHFE,0_0_     1378931,     1607160,空,开,5050.0,4,2022-04-08 09:13:12
633,rb2210,SHFE,0_0_     1379579,     1607327,多,平今,5049.000000000001,4,2022-04-08 09:13:13
634,rb2210,SHFE,0_0_     1385447,     1612378,空,平今,5047.0,3,2022-04-08 09:14:00
635,rb2210,SHFE,0_0_     1380988,     1614657,空,开,5049.0,4,2022-04-08 09:14:22
636,rb2210,SHFE,0_0_     1390812,     1616780,多,平今,5048.0,4,2022-04-08 09:14:41
637,rb2210,SHFE,0_0_     1388062,     1617256,多,开,5047.0,1,2022-04-08 09:14:45
638,rb2210,SHFE,0_0_     1388062,     1617257,多,开,5047.0,1,2022-04-08 09:14:45
639,rb2210,SHFE,0_0_     1388062,     1617261,多,开,5047.0,1,2022-04-08 09:14:45
640,rb2210,SHFE,0_0_     1388062,     1617262,多,开,5047.0,1,2022-04-08 09:14:45
641,rb2210,SHFE,0_0_     1388062,     1617286,多,开,5047.0,1,2022-04-08 09:14:45
642,rb2210,SHFE,0_0_     1388062,     1617311,多,开,5047.0,2,2022-04-08 09:14:46
643,rb2210,SHFE,0_0_     1392464,     1617343,空,平今,5048.0,3,2022-04-08 09:14:46
644,rb2210,SHFE,0_0_     1394986,     1621619,多,开,5049.0,1,2022-04-08 09:15:20
645,rb2210,SHFE,0_0_     1394986,     1621696,多,开,5049.0,1,2022-04-08 09:15:20
646,rb2210,SHFE,0_0_     1392514,     1624894,多,平今,5047.0,1,2022-04-08 09:15:48
647,rb2210,SHFE,0_0_     1392514,     1624910,多,平今,5047.0,1,2022-04-08 09:15:48
648,rb2210,SHFE,0_0_     1401784,     1626266,空,平今,5047.0,2,2022-04-08 09:15:59
649,rb2210,SHFE,0_0_     1403031,     1627264,空,开,5047.0,2,2022-04-08 09:16:06
650,rb2210,SHFE,0_0_     1406651,     1630908,空,平今,5046.0,1,2022-04-08 09:16:37
651,rb2210,SHFE,0_0_     1407674,     1632583,空,平今,5046.0,1,2022-04-08 09:16:55
652,rb2210,SHFE,0_0_     1409290,     1633102,多,平今,5045.0,1,2022-04-08 09:16:59
653,rb2210,SHFE,0_0_     1426320,     1651163,多,平今,5045.0,1,2022-04-08 09:19:23
654,rb2210,SHFE,0_0_     1428178,     1652486,空,开,5046.0,2,2022-04-08 09:19:39
655,rb2210,SHFE,0_0_     1428178,     1652522,空,开,5046.0,1,2022-04-08 09:19:39
656,rb2210,SHFE,0_0_     1428554,     1652793,多,平今,5045.0,1,2022-04-08 09:19:43
657,rb2210,SHFE,0_0_     1435242,     1661113,多,平今,5051.0,1,2022-04-08 09:20:38
658,rb2210,SHFE,0_0_     1437526,     1666725,多,平今,5049.0,1,2022-04-08 09:21:11
659,rb2210,SHFE,0_0_     1428981,     1669241,多,开,5045.0,3,2022-04-08 09:21:26
660,rb2210,SHFE,0_0_     1445156,     1670237,多,开,5047.0,1,2022-04-08 09:21:35
661,rb2210,SHFE,0_0_     1445217,     1670458,空,平今,5047.0,4,2022-04-08 09:21:37
662,rb2210,SHFE,0_0_     1446702,     1671826,空,开,5046.0,1,2022-04-08 09:21:51
663,rb2210,SHFE,0_0_     1446702,     1671956,空,开,5046.0,1,2022-04-08 09:21:52
664,rb2210,SHFE,0_0_     1450822,     1680925,多,开,5044.0,4,2022-04-08 09:23:10
665,rb2210,SHFE,0_0_     1457559,     1681808,空,开,5045.0,1,2022-04-08 09:23:22
666,rb2210,SHFE,0_0_     1459230,     1682154,空,平今,5045.0,2,2022-04-08 09:23:26
667,rb2210,SHFE,0_0_     1459230,     1682156,空,平今,5045.0,1,2022-04-08 09:23:26
668,rb2210,SHFE,0_0_     1459230,     1682209,空,平今,5045.0,1,2022-04-08 09:23:26
669,rb2210,SHFE,0_0_     1459346,     1682628,多,平今,5044.0,1,2022-04-08 09:23:28
670,rb2210,SHFE,0_0_     1460073,     1683483,空,开,5045.0,1,2022-04-08 09:23:36
671,rb2210,SHFE,0_0_     1461018,     1685388,多,开,5044.0,1,2022-04-08 09:24:01
672,rb2210,SHFE,0_0_     1461018,     1685390,多,开,5044.0,2,2022-04-08 09:24:01
673,rb2210,SHFE,0_0_     1461018,     1685413,多,开,5044.0,1,2022-04-08 09:24:02
674,rb2210,SHFE,0_0_     1464944,     1686530,空,平今,5045.0,1,2022-04-08 09:24:07
675,rb2210,SHFE,0_0_     1466127,     1687810,空,平今,5045.0,1,2022-04-08 09:24:17
676,rb2210,SHFE,0_0_     1467782,     1688775,多,平今,5046.0,2,2022-04-08 09:24:27
677,rb2210,SHFE,0_0_     1470571,     1690578,多,开,5046.0,4,2022-04-08 09:24:44
678,rb2210,SHFE,0_0_     1491864,     1711737,空,平今,5037.0,2,2022-04-08 09:27:37
679,rb2210,SHFE,0_0_     1477777,     1718343,空,平今,5045.0,1,2022-04-08 09:28:42
680,rb2210,SHFE,0_0_     1477777,     1718344,空,平今,5045.0,1,2022-04-08 09:28:42
681,rb2210,SHFE,0_0_     1477777,     1718345,空,平今,5045.0,2,2022-04-08 09:28:42
682,rb2210,SHFE,0_0_     1499232,     1718424,多,平今,5044.0,1,2022-04-08 09:28:43
683,rb2210,SHFE,0_0_     1499304,     1718661,多,开,5044.0,2,2022-04-08 09:28:48
684,rb2210,SHFE,0_0_     1499663,     1718807,空,平今,5045.0,2,2022-04-08 09:28:49
685,rb2210,SHFE,0_0_     1515119,     1732411,多,开,5044.0,1,2022-04-08 09:31:01
686,rb2210,SHFE,0_0_     1516102,     1733001,多,开,5045.0,2,2022-04-08 09:31:07
687,rb2210,SHFE,0_0_     1516639,     1733335,多,开,5046.0,2,2022-04-08 09:31:10
688,rb2210,SHFE,0_0_     1517488,     1734342,空,平今,5049.0,1,2022-04-08 09:31:18
689,rb2210,SHFE,0_0_     1517962,     1735445,多,开,5048.0,1,2022-04-08 09:31:32
690,rb2210,SHFE,0_0_     1519189,     1735895,空,平今,5047.0,6,2022-04-08 09:31:36
691,rb2210,SHFE,0_0_     1520788,     1736916,多,开,5048.0,4,2022-04-08 09:31:48
692,rb2210,SHFE,0_0_     1521138,     1737421,空,平今,5049.000000000001,4,2022-04-08 09:31:52
693,rb2210,SHFE,0_0_     1524030,     1740141,多,开,5053.0,3,2022-04-08 09:32:09
694,rb2210,SHFE,0_0_     1525320,     1742156,空,平今,5055.0,1,2022-04-08 09:32:16
695,rb2210,SHFE,0_0_     1526555,     1743389,空,开,5052.0,5,2022-04-08 09:32:26
696,rb2210,SHFE,0_0_     1531894,     1748582,多,平今,5050.0,3,2022-04-08 09:33:27
697,rb2210,SHFE,0_0_     1531894,     1748588,多,平今,5050.0,1,2022-04-08 09:33:27
698,rb2210,SHFE,0_0_     1521842,     1749530,多,开,5048.0,4,2022-04-08 09:33:39
699,rb2210,SHFE,0_0_     1536671,     1753472,多,平今,5053.0,1,2022-04-08 09:34:18
700,rb2210,SHFE,0_0_     1537084,     1753916,多,开,5053.0,1,2022-04-08 09:34:21
701,rb2210,SHFE,0_0_     1538959,     1755681,空,平今,5056.0,1,2022-04-08 09:34:32
702,rb2210,SHFE,0_0_     1539512,     1756912,空,平今,5058.0,2,2022-04-08 09:34:37
703,rb2210,SHFE,0_0_     1539512,     1756913,空,平今,5058.0,1,2022-04-08 09:34:37
704,rb2210,SHFE,0_0_     1539592,     1757123,多,开,5057.0,3,2022-04-08 09:34:38
705,rb2210,SHFE,0_0_     1539862,     1757715,空,平今,5058.0,1,2022-04-08 09:34:42
706,rb2210,SHFE,0_0_     1540477,     1758611,空,平今,5058.0,2,2022-04-08 09:34:46
707,rb2210,SHFE,0_0_     1540947,     1758652,多,开,5057.000000000001,2,2022-04-08 09:34:46
708,rb2210,SHFE,0_0_     1539091,     1758978,多,开,5056.0,1,2022-04-08 09:34:48
709,rb2210,SHFE,0_0_     1541386,     1759072,空,平今,5056.0,4,2022-04-08 09:34:49
710,rb2210,SHFE,0_0_     1541273,     1759091,空,平今,5057.0,2,2022-04-08 09:34:49
711,rb2210,SHFE,0_0_     1541459,     1759290,多,开,5056.0,3,2022-04-08 09:34:51
712,rb2210,SHFE,0_0_     1541620,     1759391,空,平今,5056.0,1,2022-04-08 09:34:51
713,rb2210,SHFE,0_0_     1541620,     1759405,空,平今,5056.0,2,2022-04-08 09:34:51
714,rb2210,SHFE,0_0_     1541744,     1759465,多,开,5056.0,4,2022-04-08 09:34:52
715,rb2210,SHFE,0_0_     1542294,     1759981,多,开,5056.0,1,2022-04-08 09:34:56
716,rb2210,SHFE,0_0_     1541538,     1760019,空,开,5057.0,2,2022-04-08 09:34:56
717,rb2210,SHFE,0_0_     1545423,     1763647,空,平今,5055.0,1,2022-04-08 09:35:24
718,rb2210,SHFE,0_0_     1549557,     1768469,空,平今,5055.0,4,2022-04-08 09:36:09
719,rb2210,SHFE,0_0_     1549950,     1769471,多,开,5054.0,4,2022-04-08 09:36:21
720,rb2210,SHFE,0_0_     1560356,     1778281,多,开,5053.0,1,2022-04-08 09:38:01
721,rb2210,SHFE,0_0_     1560356,     1778636,多,开,5053.0,1,2022-04-08 09:38:04
722,rb2210,SHFE,0_0_     1560356,     1778879,多,开,5053.0,1,2022-04-08 09:38:05
723,rb2210,SHFE,0_0_     1563206,     1783334,空,开,5051.0,4,2022-04-08 09:39:04
724,rb2210,SHFE,0_0_     1575450,     1791832,空,平今,5053.0,2,2022-04-08 09:40:21
725,rb2210,SHFE,0_0_     1551154,     1795622,空,平今,5055.0,2,2022-04-08 09:41:04
726,rb2210,SHFE,0_0_     1551154,     1795623,空,平今,5055.0,2,2022-04-08 09:41:04
727,rb2210,SHFE,0_0_     1542490,     1799675,空,平今,5057.0,1,2022-04-08 09:41:36
728,rb2210,SHFE,0_0_     1583778,     1799852,多,平今,5056.0,2,2022-04-08 09:41:37
729,rb2210,SHFE,0_0_     1583852,     1799855,空,开,5057.0,1,2022-04-08 09:41:37
730,rb2210,SHFE,0_0_     1583852,     1799871,空,开,5057.0,1,2022-04-08 09:41:37
731,rb2210,SHFE,0_0_     1583852,     1799872,空,开,5057.0,1,2022-04-08 09:41:37
732,rb2210,SHFE,0_0_     1583854,     1799890,多,开,5057.0,4,2022-04-08 09:41:38
733,rb2210,SHFE,0_0_     1584719,     1801715,多,开,5058.0,1,2022-04-08 09:41:47
734,rb2210,SHFE,0_0_     1584946,     1801910,多,开,5059.0,1,2022-04-08 09:41:48
735,rb2210,SHFE,0_0_     1586537,     1809559,空,平今,5059.0,5,2022-04-08 09:42:37
736,rb2210,SHFE,0_0_     1590328,     1809699,多,开,5058.0,4,2022-04-08 09:42:38
737,rb2210,SHFE,0_0_     1590328,     1809744,多,开,5058.0,1,2022-04-08 09:42:39
738,rb2210,SHFE,0_0_     1592253,     1812144,空,平今,5057.0,2,2022-04-08 09:42:54
739,rb2210,SHFE,0_0_     1593594,     1814255,多,平今,5059.0,3,2022-04-08 09:43:04
740,rb2210,SHFE,0_0_     1604140,     1830166,空,开,5058.0,2,2022-04-08 09:44:48
741,rb2210,SHFE,0_0_     1596564,     1831728,空,平今,5059.0,4,2022-04-08 09:45:00
742,rb2210,SHFE,0_0_     1609034,     1831836,多,开,5058.0,4,2022-04-08 09:45:00
743,rb2210,SHFE,0_0_     1611965,     1835923,多,平今,5061.0,1,2022-04-08 09:45:24
744,rb2210,SHFE,0_0_     1612390,     1836279,空,平今,5062.0,1,2022-04-08 09:45:26
745,rb2210,SHFE,0_0_     1612719,     1836969,空,平今,5062.0,1,2022-04-08 09:45:31
746,rb2210,SHFE,0_0_     1613052,     1837210,多,开,5063.0,1,2022-04-08 09:45:33
747,rb2210,SHFE,0_0_     1613052,     1837211,多,开,5063.0,1,2022-04-08 09:45:33
748,rb2210,SHFE,0_0_     1613052,     1837212,多,开,5063.0,1,2022-04-08 09:45:33
749,rb2210,SHFE,0_0_     1613052,     1837213,多,开,5063.0,1,2022-04-08 09:45:33
750,rb2210,SHFE,0_0_     1613101,     1837718,空,平今,5063.0,1,2022-04-08 09:45:35
751,rb2210,SHFE,0_0_     1613767,     1838575,空,平今,5064.0,2,2022-04-08 09:45:40
752,rb2210,SHFE,0_0_     1613767,     1838579,空,平今,5064.0,1,2022-04-08 09:45:40
753,rb2210,SHFE,0_0_     1613767,     1838584,空,平今,5064.0,1,2022-04-08 09:45:40
754,rb2210,SHFE,0_0_     1615300,     1840513,空,平今,5063.0,2,2022-04-08 09:45:56
755,rb2210,SHFE,0_0_     1615767,     1840725,多,开,5063.0,1,2022-04-08 09:45:57
756,rb2210,SHFE,0_0_     1615767,     1840728,多,开,5063.0,1,2022-04-08 09:45:57
757,rb2210,SHFE,0_0_     1615767,     1840729,多,开,5063.0,1,2022-04-08 09:45:57
758,rb2210,SHFE,0_0_     1615767,     1840730,多,开,5063.0,1,2022-04-08 09:45:57
759,rb2210,SHFE,0_0_     1615767,     1840731,多,开,5063.0,1,2022-04-08 09:45:57
760,rb2210,SHFE,0_0_     1615767,     1840733,多,开,5063.0,1,2022-04-08 09:45:57
761,rb2210,SHFE,0_0_     1615767,     1840735,多,开,5063.0,1,2022-04-08 09:45:57
762,rb2210,SHFE,0_0_     1615767,     1840737,多,开,5063.0,1,2022-04-08 09:45:57
763,rb2210,SHFE,0_0_     1611777,     1844693,多,平今,5059.0,1,2022-04-08 09:46:32
764,rb2210,SHFE,0_0_     1619415,     1845156,空,平今,5059.0,1,2022-04-08 09:46:38
765,rb2210,SHFE,0_0_     1619415,     1845208,空,平今,5059.0,2,2022-04-08 09:46:38
766,rb2210,SHFE,0_0_     1621140,     1848462,空,开,5058.0,2,2022-04-08 09:47:15
767,rb2210,SHFE,0_0_     1622231,     1849149,多,平今,5058.0,1,2022-04-08 09:47:22
768,rb2210,SHFE,0_0_     1622921,     1849812,多,平今,5059.0,1,2022-04-08 09:47:30
769,rb2210,SHFE,0_0_     1580291,     1859495,多,平今,5054.0,4,2022-04-08 09:49:07
770,rb2210,SHFE,0_0_     1642815,     1870673,空,平今,5046.0,1,2022-04-08 09:50:27
771,rb2210,SHFE,0_0_     1658869,     1891598,多,开,5046.0,1,2022-04-08 09:54:00
772,rb2210,SHFE,0_0_     1664677,     1891719,空,平今,5047.0,1,2022-04-08 09:54:01
773,rb2210,SHFE,0_0_     1664677,     1891833,空,平今,5047.0,1,2022-04-08 09:54:02
774,rb2210,SHFE,0_0_     1664677,     1891834,空,平今,5047.0,3,2022-04-08 09:54:02
775,rb2210,SHFE,0_0_     1670017,     1896747,空,开,5049.0,1,2022-04-08 09:55:06
776,rb2210,SHFE,0_0_     1673163,     1898546,空,开,5050.0,1,2022-04-08 09:55:35
777,rb2210,SHFE,0_0_     1664853,     1902464,多,开,5046.0,2,2022-04-08 09:56:43
778,rb2210,SHFE,0_0_     1677692,     1902834,空,平今,5046.0,1,2022-04-08 09:56:46
779,rb2210,SHFE,0_0_     1678397,     1903412,多,开,5045.0,1,2022-04-08 09:56:55
780,rb2210,SHFE,0_0_     1678397,     1903453,多,开,5045.0,1,2022-04-08 09:56:55
781,rb2210,SHFE,0_0_     1678397,     1903454,多,开,5045.0,1,2022-04-08 09:56:55
782,rb2210,SHFE,0_0_     1686355,     1910768,多,平今,5044.0,1,2022-04-08 09:58:45
783,rb2210,SHFE,0_0_     1686497,     1911036,多,开,5044.0,3,2022-04-08 09:58:48
784,rb2210,SHFE,0_0_     1686968,     1912607,空,平今,5045.0,2,2022-04-08 09:59:03
785,rb2210,SHFE,0_0_     1687761,     1912660,空,平今,5045.0,1,2022-04-08 09:59:03
786,rb2210,SHFE,0_0_     1687787,     1913828,多,开,5044.0,4,2022-04-08 09:59:17
787,rb2210,SHFE,0_0_     1689225,     1915286,空,开,5041.0,4,2022-04-08 09:59:23
788,rb2210,SHFE,0_0_     1690026,     1916143,空,平今,5040.0,1,2022-04-08 09:59:28
789,rb2210,SHFE,0_0_     1691575,     1917879,空,开,5038.0,1,2022-04-08 09:59:43
790,rb2210,SHFE,0_0_     1691575,     1917880,空,开,5038.0,1,2022-04-08 09:59:43
791,rb2210,SHFE,0_0_     1692899,     1919955,空,平今,5037.0,1,2022-04-08 09:59:53
792,rb2210,SHFE,0_0_     1696249,     1924779,空,开,5039.0,1,2022-04-08 10:00:14
793,rb2210,SHFE,0_0_     1696669,     1925898,多,平今,5038.0,3,2022-04-08 10:00:26
794,rb2210,SHFE,0_0_     1697468,     1926118,空,开,5039.0,1,2022-04-08 10:00:28
795,rb2210,SHFE,0_0_     1697468,     1926119,空,开,5039.0,1,2022-04-08 10:00:28
796,rb2210,SHFE,0_0_     1697468,     1926169,空,开,5039.0,1,2022-04-08 10:00:28
797,rb2210,SHFE,0_0_     1703843,     1934319,多,平今,5041.0,1,2022-04-08 10:01:42
798,rb2210,SHFE,0_0_     1703843,     1934367,多,平今,5041.0,1,2022-04-08 10:01:42
799,rb2210,SHFE,0_0_     1717668,     1946013,多,平今,5039.0,6,2022-04-08 10:03:29
800,rb2210,SHFE,0_0_     1717694,     1946659,空,开,5039.0,4,2022-04-08 10:03:35
801,rb2210,SHFE,0_0_     1718332,     1946797,多,平今,5039.0,2,2022-04-08 10:03:36
802,rb2210,SHFE,0_0_     1718572,     1947420,空,开,5039.0,2,2022-04-08 10:03:43
803,rb2210,SHFE,0_0_     1723510,     1951684,多,平今,5038.0,2,2022-04-08 10:04:26
804,rb2210,SHFE,0_0_     1733992,     1965701,空,平今,5035.0,4,2022-04-08 10:06:34
805,rb2210,SHFE,0_0_     1738219,     1965785,多,开,5034.0,4,2022-04-08 10:06:35
806,rb2210,SHFE,0_0_     1750212,     1980113,多,平今,5032.0,2,2022-04-08 10:08:09
807,rb2210,SHFE,0_0_     1746057,     1980123,空,平今,5033.0,4,2022-04-08 10:08:09
808,rb2210,SHFE,0_0_     1750313,     1980228,多,开,5032.0,6,2022-04-08 10:08:11
809,rb2210,SHFE,0_0_     1752646,     1982573,空,平今,5036.0,1,2022-04-08 10:08:34
810,rb2210,SHFE,0_0_     1752584,     1983530,空,平今,5037.0,2,2022-04-08 10:08:42
811,rb2210,SHFE,0_0_     1752584,     1983531,空,平今,5037.0,2,2022-04-08 10:08:42
812,rb2210,SHFE,0_0_     1754621,     1984292,空,平今,5036.0,2,2022-04-08 10:08:48
813,rb2210,SHFE,0_0_     1769797,     1999382,多,开,5036.0,1,2022-04-08 10:11:23
814,rb2210,SHFE,0_0_     1772182,     2000479,空,开,5037.0,4,2022-04-08 10:11:38
815,rb2210,SHFE,0_0_     1772189,     2000790,多,平今,5036.0,1,2022-04-08 10:11:43
816,rb2210,SHFE,0_0_     1772189,     2000802,多,平今,5036.0,3,2022-04-08 10:11:44
817,rb2210,SHFE,0_0_     1780818,     2011482,空,开,5027.0,7,2022-04-08 10:13:12
818,rb2210,SHFE,0_0_     1781447,     2011768,多,平今,5026.0,2,2022-04-08 10:13:13
819,rb2210,SHFE,0_0_     1782977,     2013584,多,平今,5023.0,4,2022-04-08 10:13:24
820,rb2210,SHFE,0_0_     1783195,     2013592,空,开,5024.0,4,2022-04-08 10:13:24
821,rb2210,SHFE,0_0_     1783196,     2013601,多,平今,5023.0,4,2022-04-08 10:13:24
822,rb2210,SHFE,0_0_     1783210,     2013703,多,开,5023.0,4,2022-04-08 10:13:25
823,rb2210,SHFE,0_0_     1783210,     2013704,多,开,5023.0,2,2022-04-08 10:13:25
824,rb2210,SHFE,0_0_     1783197,     2013718,空,开,5024.0,4,2022-04-08 10:13:25
825,rb2210,SHFE,0_0_     1783371,     2013830,空,平今,5024.0,2,2022-04-08 10:13:25
826,rb2210,SHFE,0_0_     1783371,     2013856,空,平今,5024.0,2,2022-04-08 10:13:25
827,rb2210,SHFE,0_0_     1786372,     2017602,多,平今,5025.0,2,2022-04-08 10:13:50
828,rb2210,SHFE,0_0_     1786372,     2017606,多,平今,5025.0,1,2022-04-08 10:13:50
829,rb2210,SHFE,0_0_     1791530,     2043911,空,平今,5015.0,4,2022-04-08 10:30:17
830,rb2210,SHFE,0_0_     1791582,     2045364,空,开,5012.0,3,2022-04-08 10:30:21
831,rb2210,SHFE,0_0_     1791646,     2048302,多,开,5012.0,8,2022-04-08 10:30:30
832,rb2210,SHFE,0_0_     1791832,     2048382,空,平今,5013.0,8,2022-04-08 10:30:31
833,rb2210,SHFE,0_0_     1792125,     2050692,多,平今,5015.0,4,2022-04-08 10:30:41
834,rb2210,SHFE,0_0_     1792339,     2051596,空,开,5016.0,1,2022-04-08 10:30:47
835,rb2210,SHFE,0_0_     1792339,     2051600,空,开,5016.0,1,2022-04-08 10:30:47
836,rb2210,SHFE,0_0_     1792339,     2051651,空,开,5016.0,1,2022-04-08 10:30:47
837,rb2210,SHFE,0_0_     1792367,     2051692,多,平今,5015.0,1,2022-04-08 10:30:48
838,rb2210,SHFE,0_0_     1792371,     2051789,空,开,5016.0,1,2022-04-08 10:30:48
839,rb2210,SHFE,0_0_     1792394,     2051809,多,平今,5015.0,1,2022-04-08 10:30:49
840,rb2210,SHFE,0_0_     1792400,     2052548,空,开,5016.0,1,2022-04-08 10:30:53
841,rb2210,SHFE,0_0_     1792525,     2052837,多,平今,5015.0,1,2022-04-08 10:30:54
842,rb2210,SHFE,0_0_     1792552,     2053019,空,开,5016.0,1,2022-04-08 10:30:55
843,rb2210,SHFE,0_0_     1792571,     2053917,多,平今,5015.0,1,2022-04-08 10:30:59
844,rb2210,SHFE,0_0_     1792740,     2054904,空,开,5016.0,1,2022-04-08 10:31:04
845,rb2210,SHFE,0_0_     1793159,     2055933,多,平今,5016.0,1,2022-04-08 10:31:10
846,rb2210,SHFE,0_0_     1796274,     2066048,多,平今,5019.0,3,2022-04-08 10:32:11
847,rb2210,SHFE,0_0_     1798086,     2069493,空,开,5017.0,8,2022-04-08 10:32:39
848,rb2210,SHFE,0_0_     1800384,     2072919,多,平今,5014.0,4,2022-04-08 10:33:05
849,rb2210,SHFE,0_0_     1800912,     2073881,空,开,5014.0,2,2022-04-08 10:33:08
850,rb2210,SHFE,0_0_     1800912,     2073885,空,开,5014.0,1,2022-04-08 10:33:08
851,rb2210,SHFE,0_0_     1801587,     2075313,多,平今,5013.0,4,2022-04-08 10:33:18
852,rb2210,SHFE,0_0_     1804001,     2078512,多,开,5016.0,4,2022-04-08 10:33:36
853,rb2210,SHFE,0_0_     1806935,     2083919,多,开,5022.0,3,2022-04-08 10:34:15
854,rb2210,SHFE,0_0_     1810795,     2088348,空,平今,5023.0,1,2022-04-08 10:34:49
855,rb2210,SHFE,0_0_     1813407,     2091295,空,平今,5024.0,1,2022-04-08 10:35:13
856,rb2210,SHFE,0_0_     1813407,     2091341,空,平今,5024.0,3,2022-04-08 10:35:13
857,rb2210,SHFE,0_0_     1811165,     2092466,多,开,5022.0,1,2022-04-08 10:35:26
858,rb2210,SHFE,0_0_     1815616,     2093329,多,平今,5020.0,2,2022-04-08 10:35:28
859,rb2210,SHFE,0_0_     1817242,     2095899,多,平今,5018.0,1,2022-04-08 10:35:42
860,rb2210,SHFE,0_0_     1818011,     2096197,空,开,5019.0,1,2022-04-08 10:35:44
861,rb2210,SHFE,0_0_     1823492,     2101525,空,开,5023.0,4,2022-04-08 10:36:28
862,rb2210,SHFE,0_0_     1823664,     2101641,空,平今,5023.0,1,2022-04-08 10:36:29
863,rb2210,SHFE,0_0_     1825117,     2103442,多,平今,5022.0,2,2022-04-08 10:36:37
864,rb2210,SHFE,0_0_     1825117,     2103443,多,平今,5022.0,1,2022-04-08 10:36:37
865,rb2210,SHFE,0_0_     1825117,     2103444,多,平今,5022.0,1,2022-04-08 10:36:37
866,rb2210,SHFE,0_0_     1826667,     2105369,空,平今,5023.0,1,2022-04-08 10:36:51
867,rb2210,SHFE,0_0_     1826667,     2105370,空,平今,5023.0,1,2022-04-08 10:36:51
868,rb2210,SHFE,0_0_     1831203,     2110346,空,开,5022.0,1,2022-04-08 10:37:32
869,rb2210,SHFE,0_0_     1831203,     2110354,空,开,5022.0,1,2022-04-08 10:37:32
870,rb2210,SHFE,0_0_     1831203,     2110366,空,开,5021.0,1,2022-04-08 10:37:33
871,rb2210,SHFE,0_0_     1818263,     2115710,多,平今,5018.0,1,2022-04-08 10:38:03
872,rb2210,SHFE,0_0_     1835265,     2115838,空,开,5019.0,1,2022-04-08 10:38:03
873,rb2210,SHFE,0_0_     1840302,     2121943,多,平今,5014.0,2,2022-04-08 10:38:41
874,rb2210,SHFE,0_0_     1842165,     2123816,空,开,5014.0,4,2022-04-08 10:38:52
875,rb2210,SHFE,0_0_     1842351,     2128943,多,平今,5012.0,1,2022-04-08 10:39:16
876,rb2210,SHFE,0_0_     1845405,     2128961,空,开,5013.0,1,2022-04-08 10:39:16
877,rb2210,SHFE,0_0_     1845439,     2130823,多,平今,5012.0,1,2022-04-08 10:39:30
878,rb2210,SHFE,0_0_     1846612,     2131029,空,开,5013.0,1,2022-04-08 10:39:31
879,rb2210,SHFE,0_0_     1846681,     2131091,多,平今,5012.0,5,2022-04-08 10:39:31
880,rb2210,SHFE,0_0_     1846686,     2131099,多,开,5012.0,4,2022-04-08 10:39:31
881,rb2210,SHFE,0_0_     1846907,     2131485,空,开,5012.0,1,2022-04-08 10:39:33
882,rb2210,SHFE,0_0_     1846907,     2131495,空,开,5012.0,3,2022-04-08 10:39:33
883,rb2210,SHFE,0_0_     1846979,     2131783,空,平今,5012.0,2,2022-04-08 10:39:35
884,rb2210,SHFE,0_0_     1846927,     2131895,多,平今,5011.0,4,2022-04-08 10:39:35
885,rb2210,SHFE,0_0_     1847043,     2132042,多,开,5011.0,2,2022-04-08 10:39:36
886,rb2210,SHFE,0_0_     1847112,     2132231,空,开,5012.0,2,2022-04-08 10:39:36
887,rb2210,SHFE,0_0_     1847112,     2132249,空,开,5012.0,1,2022-04-08 10:39:37
888,rb2210,SHFE,0_0_     1847112,     2132252,空,开,5012.0,1,2022-04-08 10:39:37
889,rb2210,SHFE,0_0_     1847364,     2132384,多,平今,5011.0,4,2022-04-08 10:39:38
890,rb2210,SHFE,0_0_     1848048,     2133236,空,开,5011.0,4,2022-04-08 10:39:42
891,rb2210,SHFE,0_0_     1848093,     2133374,空,平今,5011.0,3,2022-04-08 10:39:43
892,rb2210,SHFE,0_0_     1848530,     2134089,多,平今,5009.0,4,2022-04-08 10:39:46
893,rb2210,SHFE,0_0_     1848598,     2134321,空,开,5010.0,2,2022-04-08 10:39:47
894,rb2210,SHFE,0_0_     1848598,     2134322,空,开,5010.0,1,2022-04-08 10:39:47
895,rb2210,SHFE,0_0_     1848598,     2134340,空,开,5010.0,1,2022-04-08 10:39:47
896,rb2210,SHFE,0_0_     1848701,     2134352,多,平今,5009.0,1,2022-04-08 10:39:47
897,rb2210,SHFE,0_0_     1848701,     2134386,多,平今,5009.0,3,2022-04-08 10:39:47
898,rb2210,SHFE,0_0_     1846728,     2138696,空,平今,5013.0,1,2022-04-08 10:40:02
899,rb2210,SHFE,0_0_     1851241,     2138819,多,开,5012.0,1,2022-04-08 10:40:02
900,rb2210,SHFE,0_0_     1851241,     2138828,多,开,5012.0,1,2022-04-08 10:40:02
901,rb2210,SHFE,0_0_     1851241,     2138848,多,开,5012.0,2,2022-04-08 10:40:02
902,rb2210,SHFE,0_0_     1851411,     2139599,多,开,5012.0,1,2022-04-08 10:40:06
903,rb2210,SHFE,0_0_     1854622,     2143958,多,开,5012.0,2,2022-04-08 10:40:28
904,rb2210,SHFE,0_0_     1854622,     2143965,多,开,5012.0,1,2022-04-08 10:40:28
905,rb2210,SHFE,0_0_     1854926,     2144071,空,平今,5013.0,3,2022-04-08 10:40:29
906,rb2210,SHFE,0_0_     1859904,     2152320,空,开,5015.0,1,2022-04-08 10:41:26
907,rb2210,SHFE,0_0_     1859904,     2152321,空,开,5015.0,1,2022-04-08 10:41:26
908,rb2210,SHFE,0_0_     1859904,     2152403,空,开,5015.0,1,2022-04-08 10:41:27
909,rb2210,SHFE,0_0_     1859904,     2152470,空,开,5015.0,1,2022-04-08 10:41:28
910,rb2210,SHFE,0_0_     1859904,     2152614,空,开,5015.0,1,2022-04-08 10:41:29
911,rb2210,SHFE,0_0_     1859904,     2152626,空,开,5015.0,1,2022-04-08 10:41:29
912,rb2210,SHFE,0_0_     1859904,     2152627,空,开,5015.0,1,2022-04-08 10:41:29
913,rb2210,SHFE,0_0_     1871639,     2163421,空,平今,5018.0,1,2022-04-08 10:42:51
914,rb2210,SHFE,0_0_     1871639,     2163424,空,平今,5018.0,1,2022-04-08 10:42:51
915,rb2210,SHFE,0_0_     1871794,     2163971,多,平今,5017.0,2,2022-04-08 10:42:54
916,rb2210,SHFE,0_0_     1872048,     2164039,空,平今,5018.0,2,2022-04-08 10:42:55
917,rb2210,SHFE,0_0_     1881487,     2174470,空,平今,5021.0,1,2022-04-08 10:44:14
918,rb2210,SHFE,0_0_     1872971,     2175053,多,开,5018.0,2,2022-04-08 10:44:20
919,rb2210,SHFE,0_0_     1872971,     2175060,多,开,5018.0,1,2022-04-08 10:44:21
920,rb2210,SHFE,0_0_     1872145,     2176434,多,平今,5017.0,3,2022-04-08 10:44:36
921,rb2210,SHFE,0_0_     1884332,     2176809,空,开,5017.0,1,2022-04-08 10:44:39
922,rb2210,SHFE,0_0_     1884332,     2176823,空,开,5017.0,1,2022-04-08 10:44:39
923,rb2210,SHFE,0_0_     1884332,     2176828,空,开,5017.0,2,2022-04-08 10:44:39
924,rb2210,SHFE,0_0_     1888094,     2181639,空,平今,5010.0,3,2022-04-08 10:45:06
925,rb2210,SHFE,0_0_     1888301,     2182087,多,平今,5009.0,4,2022-04-08 10:45:06
926,rb2210,SHFE,0_0_     1888416,     2182285,多,开,5009.0,1,2022-04-08 10:45:07
927,rb2210,SHFE,0_0_     1888416,     2182287,多,开,5009.0,4,2022-04-08 10:45:07
928,rb2210,SHFE,0_0_     1888416,     2182295,多,开,5009.0,1,2022-04-08 10:45:07
929,rb2210,SHFE,0_0_     1888416,     2182300,多,开,5009.0,2,2022-04-08 10:45:07
930,rb2210,SHFE,0_0_     1888896,     2183308,空,平今,5010.0,1,2022-04-08 10:45:10
931,rb2210,SHFE,0_0_     1897092,     2192495,空,平今,5018.0,4,2022-04-08 10:46:12
932,rb2210,SHFE,0_0_     1897497,     2192536,多,开,5017.0,4,2022-04-08 10:46:13
933,rb2210,SHFE,0_0_     1897585,     2192614,空,平今,5018.0,4,2022-04-08 10:46:13
934,rb2210,SHFE,0_0_     1897619,     2192755,多,开,5017.000000000001,4,2022-04-08 10:46:15
935,rb2210,SHFE,0_0_     1898123,     2194245,空,开,5016.0,4,2022-04-08 10:46:26
936,rb2210,SHFE,0_0_     1900054,     2195127,多,平今,5016.0,1,2022-04-08 10:46:41
937,rb2210,SHFE,0_0_     1909813,     2204489,多,平今,5019.0,1,2022-04-08 10:48:16
938,rb2210,SHFE,0_0_     1910109,     2204897,多,平今,5020.0,2,2022-04-08 10:48:19
939,rb2210,SHFE,0_0_     1912968,     2208007,多,平今,5022.0,1,2022-04-08 10:48:52
940,rb2210,SHFE,0_0_     1912968,     2208008,多,平今,5022.0,1,2022-04-08 10:48:52
941,rb2210,SHFE,0_0_     1912968,     2208009,多,平今,5022.0,1,2022-04-08 10:48:52
942,rb2210,SHFE,0_0_     1913943,     2210589,空,平今,5021.0,1,2022-04-08 10:49:16
943,rb2210,SHFE,0_0_     1914852,     2210598,多,开,5020.0,1,2022-04-08 10:49:16
944,rb2210,SHFE,0_0_     1927732,     2223669,空,平今,5014.0,1,2022-04-08 10:51:27
945,rb2210,SHFE,0_0_     1928814,     2223860,多,开,5013.0,1,2022-04-08 10:51:28
946,rb2210,SHFE,0_0_     1930622,     2225675,空,平今,5012.0,4,2022-04-08 10:51:42
947,rb2210,SHFE,0_0_     1934295,     2229755,多,开,5009.0,3,2022-04-08 10:52:18
948,rb2210,SHFE,0_0_     1935078,     2230872,多,开,5009.0,1,2022-04-08 10:52:27
949,rb2210,SHFE,0_0_     1937471,     2234388,空,平今,5007.000000000001,4,2022-04-08 10:52:55
950,rb2210,SHFE,0_0_     1937607,     2234511,空,开,5007.0,4,2022-04-08 10:52:56
951,rb2210,SHFE,0_0_     1942944,     2241535,空,开,5007.0,2,2022-04-08 10:53:51
952,rb2210,SHFE,0_0_     1942944,     2241570,空,开,5007.0,2,2022-04-08 10:53:51
953,rb2210,SHFE,0_0_     1943101,     2241734,空,平今,5007.0,1,2022-04-08 10:53:52
954,rb2210,SHFE,0_0_     1943101,     2241747,空,平今,5007.0,1,2022-04-08 10:53:53
955,rb2210,SHFE,0_0_     1938463,     2242543,多,平今,5004.0,1,2022-04-08 10:54:00
956,rb2210,SHFE,0_0_     1943890,     2243210,多,开,5004.0,6,2022-04-08 10:54:03
957,rb2210,SHFE,0_0_     1944835,     2244357,空,平今,5004.0,4,2022-04-08 10:54:10
958,rb2210,SHFE,0_0_     1943834,     2244937,多,平今,5003.0,1,2022-04-08 10:54:12
959,rb2210,SHFE,0_0_     1943834,     2244951,多,平今,5003.0,1,2022-04-08 10:54:12
960,rb2210,SHFE,0_0_     1943834,     2244958,多,平今,5003.0,1,2022-04-08 10:54:12
961,rb2210,SHFE,0_0_     1943834,     2244965,多,平今,5003.0,1,2022-04-08 10:54:12
962,rb2210,SHFE,0_0_     1945074,     2245257,空,开,5004.0,4,2022-04-08 10:54:13
963,rb2210,SHFE,0_0_     1945363,     2245395,多,平今,5004.0,2,2022-04-08 10:54:14
964,rb2210,SHFE,0_0_     1945268,     2245821,多,平今,5003.0,4,2022-04-08 10:54:17
965,rb2210,SHFE,0_0_     1945751,     2245936,空,开,5004.0,7,2022-04-08 10:54:18
966,rb2210,SHFE,0_0_     1945809,     2246031,多,平今,5003.000000000001,1,2022-04-08 10:54:18
967,rb2210,SHFE,0_0_     1946705,     2248023,多,平今,5001.0,4,2022-04-08 10:54:24
968,rb2210,SHFE,0_0_     1946956,     2248366,空,平今,5001.0,1,2022-04-08 10:54:26
969,rb2210,SHFE,0_0_     1948599,     2250484,多,开,5006.0,1,2022-04-08 10:54:39
970,rb2210,SHFE,0_0_     1948599,     2250485,多,开,5006.0,2,2022-04-08 10:54:39
971,rb2210,SHFE,0_0_     1948599,     2250486,多,开,5006.0,2,2022-04-08 10:54:39
972,rb2210,SHFE,0_0_     1948599,     2250487,多,开,5006.0,1,2022-04-08 10:54:39
973,rb2210,SHFE,0_0_     1948774,     2250949,空,平今,5006.000000000001,2,2022-04-08 10:54:40
974,rb2210,SHFE,0_0_     1948774,     2250950,空,平今,5006.000000000001,3,2022-04-08 10:54:40
975,rb2210,SHFE,0_0_     1948774,     2251017,空,平今,5006.0,1,2022-04-08 10:54:40
976,rb2210,SHFE,0_0_     1948774,     2251018,空,平今,5006.0,1,2022-04-08 10:54:40
977,rb2210,SHFE,0_0_     1950169,     2255150,空,开,4999.0,3,2022-04-08 10:54:50
978,rb2210,SHFE,0_0_     1950549,     2255684,多,平今,4999.0,3,2022-04-08 10:54:53
979,rb2210,SHFE,0_0_     1950645,     2256557,多,开,4999.0,4,2022-04-08 10:55:00
980,rb2210,SHFE,0_0_     1951473,     2256595,空,平今,5000.0,4,2022-04-08 10:55:00
981,rb2210,SHFE,0_0_     1954348,     2259161,多,平今,5005.0,3,2022-04-08 10:55:17
982,rb2210,SHFE,0_0_     1957434,     2263168,空,开,5008.0,1,2022-04-08 10:55:50
983,rb2210,SHFE,0_0_     1957434,     2263169,空,开,5008.0,1,2022-04-08 10:55:50
984,rb2210,SHFE,0_0_     1957434,     2263170,空,开,5008.0,1,2022-04-08 10:55:50
985,rb2210,SHFE,0_0_     1957434,     2263171,空,开,5008.0,5,2022-04-08 10:55:50
986,rb2210,SHFE,0_0_     1958065,     2263940,多,平今,5006.0,1,2022-04-08 10:55:59
987,rb2210,SHFE,0_0_     1958149,     2264293,多,平今,5006.0,2,2022-04-08 10:56:02
988,rb2210,SHFE,0_0_     1964504,     2270225,多,平今,5001.0,2,2022-04-08 10:57:09
989,rb2210,SHFE,0_0_     1964764,     2270294,空,开,5002.0,2,2022-04-08 10:57:10
990,rb2210,SHFE,0_0_     1964805,     2270553,多,平今,5001.0,2,2022-04-08 10:57:14
991,rb2210,SHFE,0_0_     1965095,     2270578,空,平今,5001.0,1,2022-04-08 10:57:14
992,rb2210,SHFE,0_0_     1965704,     2272025,空,开,4998.0,1,2022-04-08 10:57:19
993,rb2210,SHFE,0_0_     1965930,     2272318,空,开,4998.0,1,2022-04-08 10:57:20
994,rb2210,SHFE,0_0_     1966666,     2273099,多,平今,5000.0,3,2022-04-08 10:57:25
995,rb2210,SHFE,0_0_     1968934,     2276457,多,平今,4998.0,1,2022-04-08 10:57:46
996,rb2210,SHFE,0_0_     1969306,     2276794,多,开,4998.0,4,2022-04-08 10:57:49
997,rb2210,SHFE,0_0_     1969306,     2276795,多,开,4998.0,2,2022-04-08 10:57:49
998,rb2210,SHFE,0_0_     1969502,     2276972,空,平今,4998.0,1,2022-04-08 10:57:52
999,rb2210,SHFE,0_0_     1969502,     2276982,空,平今,4998.0,1,2022-04-08 10:57:52
1000,rb2210,SHFE,0_0_     1969645,     2277260,空,平今,4998.0,4,2022-04-08 10:57:55
1001,rb2210,SHFE,0_0_     1975062,     2288972,多,平今,4989.0,1,2022-04-08 10:58:35
1002,rb2210,SHFE,0_0_     1975107,     2289064,空,开,4990.0,1,2022-04-08 10:58:35
1003,rb2210,SHFE,0_0_     1975186,     2289147,多,开,4989.0,2,2022-04-08 10:58:36
1004,rb2210,SHFE,0_0_     1975371,     2289494,多,开,4989.0,2,2022-04-08 10:58:38
1005,rb2210,SHFE,0_0_     1975533,     2289582,空,平今,4990.0,2,2022-04-08 10:58:38
1006,rb2210,SHFE,0_0_     1975600,     2289794,多,平今,4989.0,1,2022-04-08 10:58:39
1007,rb2210,SHFE,0_0_     1975661,     2289853,多,开,4989.0,2,2022-04-08 10:58:40
1008,rb2210,SHFE,0_0_     1975668,     2289896,空,平今,4990.0,4,2022-04-08 10:58:40
1009,rb2210,SHFE,0_0_     1975673,     2290373,多,开,4989.0,4,2022-04-08 10:58:43
1010,rb2210,SHFE,0_0_     1975886,     2290552,空,平今,4990.0,1,2022-04-08 10:58:44
1011,rb2210,SHFE,0_0_     1975886,     2290553,空,平今,4990.0,3,2022-04-08 10:58:44
1012,rb2210,SHFE,0_0_     1975962,     2290727,多,开,4989.0,4,2022-04-08 10:58:45
1013,rb2210,SHFE,0_0_     1976152,     2290926,多,开,4989.0,4,2022-04-08 10:58:46
1014,rb2210,SHFE,0_0_     1976235,     2291315,空,平今,4989.0,4,2022-04-08 10:58:48
1015,rb2210,SHFE,0_0_     1976540,     2291941,多,开,4988.0,1,2022-04-08 10:58:50
1016,rb2210,SHFE,0_0_     1976608,     2292088,多,开,4988.0,2,2022-04-08 10:58:51
1017,rb2210,SHFE,0_0_     1979374,     2296915,空,平今,4993.0,5,2022-04-08 10:59:21
1018,rb2210,SHFE,0_0_     1979773,     2297926,空,开,4990.0,8,2022-04-08 10:59:28
1019,rb2210,SHFE,0_0_     1979845,     2298142,多,平今,4989.0,2,2022-04-08 10:59:29
1020,rb2210,SHFE,0_0_     1979845,     2298143,多,平今,4989.0,1,2022-04-08 10:59:29
1021,rb2210,SHFE,0_0_     1980145,     2298595,多,平今,4988.0,4,2022-04-08 10:59:33
1022,rb2210,SHFE,0_0_     1980624,     2302153,多,平今,4987.0,1,2022-04-08 10:59:58
1023,rb2210,SHFE,0_0_     1982385,     2302286,空,平今,4988.0,1,2022-04-08 10:59:58
1024,rb2210,SHFE,0_0_     1982625,     2302435,多,开,4987.0,1,2022-04-08 10:59:59
1025,rb2210,SHFE,0_0_     1982625,     2302436,多,开,4987.0,2,2022-04-08 10:59:59
1026,rb2210,SHFE,0_0_     1982626,     2302910,空,平今,4988.0,3,2022-04-08 11:00:00
1027,rb2210,SHFE,0_0_     1982696,     2302950,多,开,4987.0,1,2022-04-08 11:00:00
1028,rb2210,SHFE,0_0_     1982696,     2302952,多,开,4987.0,1,2022-04-08 11:00:00
1029,rb2210,SHFE,0_0_     1982696,     2302957,多,开,4987.0,2,2022-04-08 11:00:00
1030,rb2210,SHFE,0_0_     1982696,     2302959,多,开,4987.0,1,2022-04-08 11:00:00
1031,rb2210,SHFE,0_0_     1982696,     2302962,多,开,4987.0,2,2022-04-08 11:00:00
1032,rb2210,SHFE,0_0_     1982726,     2303011,空,平今,4988.0,2,2022-04-08 11:00:00
1033,rb2210,SHFE,0_0_     1987289,     2310177,空,平今,4994.0,4,2022-04-08 11:00:32
1034,rb2210,SHFE,0_0_     1987483,     2310305,多,开,4993.0,3,2022-04-08 11:00:33
1035,rb2210,SHFE,0_0_     1987483,     2310358,多,开,4993.0,1,2022-04-08 11:00:34
1036,rb2210,SHFE,0_0_     1992955,     2316828,空,平今,4993.0,2,2022-04-08 11:01:27
1037,rb2210,SHFE,0_0_     1999864,     2326326,空,开,4985.0,1,2022-04-08 11:02:27
1038,rb2210,SHFE,0_0_     1999864,     2326327,空,开,4985.0,2,2022-04-08 11:02:27
1039,rb2210,SHFE,0_0_     1999864,     2326328,空,开,4985.0,1,2022-04-08 11:02:27
1040,rb2210,SHFE,0_0_     2000447,     2327984,空,开,4984.0,3,2022-04-08 11:02:33
1041,rb2210,SHFE,0_0_     2000911,     2329988,多,平今,4982.0,5,2022-04-08 11:02:37
1042,rb2210,SHFE,0_0_     2000974,     2330105,空,开,4983.0,4,2022-04-08 11:02:38
1043,rb2210,SHFE,0_0_     2000982,     2333799,多,平今,4982.0,3,2022-04-08 11:02:57
1044,rb2210,SHFE,0_0_     2000982,     2333812,多,平今,4982.0,1,2022-04-08 11:02:57
1045,rb2210,SHFE,0_0_     2004146,     2333982,空,开,4983.0,1,2022-04-08 11:02:58
1046,rb2210,SHFE,0_0_     2004146,     2334020,空,开,4983.0,1,2022-04-08 11:02:58
1047,rb2210,SHFE,0_0_     2004146,     2334026,空,开,4983.0,1,2022-04-08 11:02:58
1048,rb2210,SHFE,0_0_     2004146,     2334042,空,开,4983.0,1,2022-04-08 11:02:58
1049,rb2210,SHFE,0_0_     2004346,     2334474,空,开,4982.0,2,2022-04-08 11:03:00
1050,rb2210,SHFE,0_0_     2004528,     2335123,多,平今,4981.0,6,2022-04-08 11:03:02
1051,rb2210,SHFE,0_0_     2004854,     2335335,空,开,4982.0,5,2022-04-08 11:03:03
1052,rb2210,SHFE,0_0_     2004854,     2335370,空,开,4982.0,1,2022-04-08 11:03:04
1053,rb2210,SHFE,0_0_     2005126,     2335486,多,平今,4981.0,1,2022-04-08 11:03:04
1054,rb2210,SHFE,0_0_     2005218,     2335607,多,平今,4981.0,2,2022-04-08 11:03:05
1055,rb2210,SHFE,0_0_     2005218,     2335658,多,平今,4981.0,2,2022-04-08 11:03:05
1056,rb2210,SHFE,0_0_     2005291,     2335785,空,开,4982.0,2,2022-04-08 11:03:05
1057,rb2210,SHFE,0_0_     2005396,     2335909,多,平今,4982.000000000001,1,2022-04-08 11:03:06
1058,rb2210,SHFE,0_0_     2006522,     2338018,空,开,4980.0,4,2022-04-08 11:03:15
1059,rb2210,SHFE,0_0_     2007290,     2340969,空,平今,4973.0,2,2022-04-08 11:03:20
1060,rb2210,SHFE,0_0_     2007686,     2342640,多,平今,4972.0,4,2022-04-08 11:03:23
1061,rb2210,SHFE,0_0_     2007816,     2343223,多,平今,4971.0,4,2022-04-08 11:03:24
1062,rb2210,SHFE,0_0_     2007869,     2343515,空,开,4972.0,1,2022-04-08 11:03:24
1063,rb2210,SHFE,0_0_     2007869,     2343532,空,开,4972.0,1,2022-04-08 11:03:24
1064,rb2210,SHFE,0_0_     2007869,     2343538,空,开,4972.0,2,2022-04-08 11:03:24
1065,rb2210,SHFE,0_0_     2007911,     2343556,多,平今,4971.0,4,2022-04-08 11:03:24
1066,rb2210,SHFE,0_0_     2007912,     2343676,空,开,4972.0,4,2022-04-08 11:03:24
1067,rb2210,SHFE,0_0_     2007923,     2343702,多,平今,4971.0,4,2022-04-08 11:03:24
1068,rb2210,SHFE,0_0_     2007924,     2343711,空,开,4972.0,2,2022-04-08 11:03:24
1069,rb2210,SHFE,0_0_     2007924,     2343723,空,开,4972.0,1,2022-04-08 11:03:24
1070,rb2210,SHFE,0_0_     2007924,     2343725,空,开,4972.0,1,2022-04-08 11:03:24
1071,rb2210,SHFE,0_0_     2007931,     2343754,多,平今,4971.0,4,2022-04-08 11:03:24
1072,rb2210,SHFE,0_0_     2007948,     2343905,空,开,4972.0,1,2022-04-08 11:03:24
1073,rb2210,SHFE,0_0_     2007948,     2343910,空,开,4972.0,3,2022-04-08 11:03:24
1074,rb2210,SHFE,0_0_     2011130,     2351091,空,平今,4976.000000000001,1,2022-04-08 11:03:44
1075,rb2210,SHFE,0_0_     2011476,     2352296,多,平今,4975.0,2,2022-04-08 11:03:49
1076,rb2210,SHFE,0_0_     2011476,     2352297,多,平今,4975.0,1,2022-04-08 11:03:49
1077,rb2210,SHFE,0_0_     2011944,     2352797,空,开,4977.0,1,2022-04-08 11:03:51
1078,rb2210,SHFE,0_0_     2011944,     2352800,空,开,4977.0,1,2022-04-08 11:03:51
1079,rb2210,SHFE,0_0_     2011944,     2352905,空,开,4977.0,2,2022-04-08 11:03:51
1080,rb2210,SHFE,0_0_     2012132,     2352911,多,平今,4976.0,2,2022-04-08 11:03:51
1081,rb2210,SHFE,0_0_     2012135,     2353266,空,开,4977.0,2,2022-04-08 11:03:53
1082,rb2210,SHFE,0_0_     2012313,     2353281,多,平今,4976.0,1,2022-04-08 11:03:53
1083,rb2210,SHFE,0_0_     2012313,     2353284,多,平今,4976.0,1,2022-04-08 11:03:53
1084,rb2210,SHFE,0_0_     2016149,     2358744,多,开,4980.0,4,2022-04-08 11:04:25
1085,rb2210,SHFE,0_0_     2016149,     2358745,多,开,4980.0,1,2022-04-08 11:04:25
1086,rb2210,SHFE,0_0_     2016149,     2358788,多,开,4980.0,1,2022-04-08 11:04:25
1087,rb2210,SHFE,0_0_     2016149,     2358789,多,开,4980.0,1,2022-04-08 11:04:25
1088,rb2210,SHFE,0_0_     2014165,     2362863,多,平今,4976.0,3,2022-04-08 11:04:49
1089,rb2210,SHFE,0_0_     2019310,     2363055,空,平今,4977.0,2,2022-04-08 11:04:51
1090,rb2210,SHFE,0_0_     2019310,     2363056,空,平今,4977.0,1,2022-04-08 11:04:51
1091,rb2210,SHFE,0_0_     2019609,     2365700,空,平今,4976.0,1,2022-04-08 11:05:04
1092,rb2210,SHFE,0_0_     2019315,     2365804,空,开,4977.0,4,2022-04-08 11:05:05
1093,rb2210,SHFE,0_0_     2021222,     2365988,多,平今,4977.0,3,2022-04-08 11:05:05
1094,rb2210,SHFE,0_0_     2021546,     2366463,多,开,4978.0,1,2022-04-08 11:05:07
1095,rb2210,SHFE,0_0_     2021546,     2366482,多,开,4978.0,1,2022-04-08 11:05:07
1096,rb2210,SHFE,0_0_     2021546,     2366486,多,开,4978.0,2,2022-04-08 11:05:07
1097,rb2210,SHFE,0_0_     2023218,     2367978,空,平今,4978.0,1,2022-04-08 11:05:18
1098,rb2210,SHFE,0_0_     2023218,     2367981,空,平今,4978.0,1,2022-04-08 11:05:18
1099,rb2210,SHFE,0_0_     2027787,     2377441,空,平今,4970.0,1,2022-04-08 11:05:54
1100,rb2210,SHFE,0_0_     2027794,     2377483,多,平今,4969.0,1,2022-04-08 11:05:54
1101,rb2210,SHFE,0_0_     2027809,     2377495,空,平今,4970.0,1,2022-04-08 11:05:54
1102,rb2210,SHFE,0_0_     2027810,     2377554,多,开,4969.0,1,2022-04-08 11:05:54
1103,rb2210,SHFE,0_0_     2027857,     2377638,空,平今,4970.0,1,2022-04-08 11:05:55
1104,rb2210,SHFE,0_0_     2027903,     2377707,多,开,4969.0,1,2022-04-08 11:05:55
1105,rb2210,SHFE,0_0_     2028572,     2379508,空,平今,4969.0,3,2022-04-08 11:06:01
1106,rb2210,SHFE,0_0_     2033146,     2386394,多,开,4972.0,1,2022-04-08 11:06:31
1107,rb2210,SHFE,0_0_     2033146,     2386395,多,开,4972.0,1,2022-04-08 11:06:31
1108,rb2210,SHFE,0_0_     2033146,     2386396,多,开,4972.0,1,2022-04-08 11:06:31
1109,rb2210,SHFE,0_0_     2033146,     2386397,多,开,4972.0,1,2022-04-08 11:06:31
1110,rb2210,SHFE,0_0_     2033146,     2386398,多,开,4972.0,1,2022-04-08 11:06:31
1111,rb2210,SHFE,0_0_     2033146,     2386399,多,开,4972.0,1,2022-04-08 11:06:31
1112,rb2210,SHFE,0_0_     2033179,     2386744,空,平今,4973.0,4,2022-04-08 11:06:33
1113,rb2210,SHFE,0_0_     2033390,     2386872,空,平今,4972.0,4,2022-04-08 11:06:34
1114,rb2210,SHFE,0_0_     2034586,     2389079,空,开,4974.0,2,2022-04-08 11:06:50
1115,rb2210,SHFE,0_0_     2034892,     2390301,空,开,4974.0,2,2022-04-08 11:07:00
1116,rb2210,SHFE,0_0_     2035856,     2390455,多,平今,4973.0,2,2022-04-08 11:07:00
1117,rb2210,SHFE,0_0_     2035921,     2390919,空,开,4974.0,2,2022-04-08 11:07:03
1118,rb2210,SHFE,0_0_     2038184,     2392652,多,开,4978.0,3,2022-04-08 11:07:11
1119,rb2210,SHFE,0_0_     2038184,     2392653,多,开,4978.0,1,2022-04-08 11:07:11
1120,rb2210,SHFE,0_0_     2038184,     2392654,多,开,4978.0,4,2022-04-08 11:07:11
1121,rb2210,SHFE,0_0_     2036483,     2395198,多,平今,4973.0,4,2022-04-08 11:07:25
1122,rb2210,SHFE,0_0_     2039719,     2395226,空,平今,4974.0,2,2022-04-08 11:07:25
1123,rb2210,SHFE,0_0_     2039719,     2395229,空,平今,4974.0,1,2022-04-08 11:07:25
1124,rb2210,SHFE,0_0_     2039719,     2395230,空,平今,4974.0,1,2022-04-08 11:07:25
1125,rb2210,SHFE,0_0_     2042780,     2398955,多,开,4974.0,2,2022-04-08 11:07:49
1126,rb2210,SHFE,0_0_     2044015,     2403104,空,开,4970.0,1,2022-04-08 11:08:10
1127,rb2210,SHFE,0_0_     2044015,     2403105,空,开,4970.0,1,2022-04-08 11:08:10
1128,rb2210,SHFE,0_0_     2044015,     2403130,空,开,4970.0,1,2022-04-08 11:08:10
1129,rb2210,SHFE,0_0_     2044015,     2403131,空,开,4970.0,1,2022-04-08 11:08:10
1130,rb2210,SHFE,0_0_     2047576,     2407326,空,开,4965.0,4,2022-04-08 11:08:31
1131,rb2210,SHFE,0_0_     2047622,     2407450,多,平今,4964.0,1,2022-04-08 11:08:31
1132,rb2210,SHFE,0_0_     2047622,     2407451,多,平今,4964.0,1,2022-04-08 11:08:31
1133,rb2210,SHFE,0_0_     2047622,     2407454,多,平今,4964.0,2,2022-04-08 11:08:31
1134,rb2210,SHFE,0_0_     2047758,     2407924,多,平今,4964.0,2,2022-04-08 11:08:34
1135,rb2210,SHFE,0_0_     2047758,     2409839,多,平今,4964.0,1,2022-04-08 11:08:49
1136,rb2210,SHFE,0_0_     2047758,     2409974,多,平今,4964.0,1,2022-04-08 11:08:50
1137,rb2210,SHFE,0_0_     2045504,     2414102,空,平今,4969.0,4,2022-04-08 11:09:17
1138,rb2210,SHFE,0_0_     2052497,     2414117,多,开,4968.0,4,2022-04-08 11:09:17
1139,rb2210,SHFE,0_0_     2051309,     2414966,多,开,4966.0,2,2022-04-08 11:09:25
1140,rb2210,SHFE,0_0_     2052811,     2415407,空,平今,4967.0,1,2022-04-08 11:09:26
1141,rb2210,SHFE,0_0_     2052811,     2415412,空,平今,4967.0,1,2022-04-08 11:09:26
1142,rb2210,SHFE,0_0_     2053007,     2415444,空,平今,4967.0,3,2022-04-08 11:09:27
1143,rb2210,SHFE,0_0_     2053400,     2415845,多,开,4966.0,1,2022-04-08 11:09:29
1144,rb2210,SHFE,0_0_     2054093,     2416757,空,开,4966.0,3,2022-04-08 11:09:34
1145,rb2210,SHFE,0_0_     2054093,     2416758,空,开,4966.0,1,2022-04-08 11:09:34
1146,rb2210,SHFE,0_0_     2054645,     2417924,空,开,4963.0,4,2022-04-08 11:09:39
1147,rb2210,SHFE,0_0_     2054728,     2418007,多,平今,4962.0,4,2022-04-08 11:09:40
1148,rb2210,SHFE,0_0_     2054785,     2418237,空,开,4963.0,1,2022-04-08 11:09:40
1149,rb2210,SHFE,0_0_     2054785,     2418239,空,开,4963.0,1,2022-04-08 11:09:40
1150,rb2210,SHFE,0_0_     2054785,     2418241,空,开,4963.0,1,2022-04-08 11:09:40
1151,rb2210,SHFE,0_0_     2054785,     2418242,空,开,4963.0,1,2022-04-08 11:09:40
1152,rb2210,SHFE,0_0_     2054870,     2418253,多,平今,4962.0,4,2022-04-08 11:09:40
1153,rb2210,SHFE,0_0_     2054872,     2418512,空,开,4963.0,4,2022-04-08 11:09:41
1154,rb2210,SHFE,0_0_     2054976,     2418548,多,平今,4962.0,4,2022-04-08 11:09:41
1155,rb2210,SHFE,0_0_     2054981,     2418551,空,开,4963.0,2,2022-04-08 11:09:41
1156,rb2210,SHFE,0_0_     2054981,     2418590,空,开,4963.0,2,2022-04-08 11:09:41
1157,rb2210,SHFE,0_0_     2055052,     2418932,多,平今,4962.0,3,2022-04-08 11:09:42
1158,rb2210,SHFE,0_0_     2055146,     2419185,多,平今,4962.0,2,2022-04-08 11:09:44
1159,rb2210,SHFE,0_0_     2055429,     2419757,空,平今,4963.0,1,2022-04-08 11:09:48
1160,rb2210,SHFE,0_0_     2055577,     2420243,多,平今,4962.0,1,2022-04-08 11:09:53
1161,rb2210,SHFE,0_0_     2055861,     2420467,空,开,4963.0,1,2022-04-08 11:09:54
1162,rb2210,SHFE,0_0_     2055861,     2420492,空,开,4963.0,1,2022-04-08 11:09:54
1163,rb2210,SHFE,0_0_     2055861,     2420495,空,开,4963.0,2,2022-04-08 11:09:54
1164,rb2210,SHFE,0_0_     2055901,     2420660,多,平今,4962.0,4,2022-04-08 11:09:55
1165,rb2210,SHFE,0_0_     2057270,     2425919,多,开,4963.0,4,2022-04-08 11:10:24
1166,rb2210,SHFE,0_0_     2059082,     2426332,空,平今,4964.0,4,2022-04-08 11:10:26
1167,rb2210,SHFE,0_0_     2059477,     2427026,空,开,4962.0,2,2022-04-08 11:10:29
1168,rb2210,SHFE,0_0_     2059477,     2427028,空,开,4962.0,1,2022-04-08 11:10:29
1169,rb2210,SHFE,0_0_     2059477,     2427030,空,开,4962.0,1,2022-04-08 11:10:29
1170,rb2210,SHFE,0_0_     2059553,     2427243,多,平今,4961.0,4,2022-04-08 11:10:29
1171,rb2210,SHFE,0_0_     2059626,     2427944,空,平今,4962.0,1,2022-04-08 11:10:32
1172,rb2210,SHFE,0_0_     2060705,     2429001,多,开,4963.0,2,2022-04-08 11:10:38
1173,rb2210,SHFE,0_0_     2060705,     2429012,多,开,4963.0,4,2022-04-08 11:10:38
1174,rb2210,SHFE,0_0_     2061026,     2429530,空,平今,4965.0,4,2022-04-08 11:10:41
1175,rb2210,SHFE,0_0_     2053419,     2430569,空,平今,4967.0,1,2022-04-08 11:10:47
1176,rb2210,SHFE,0_0_     2061632,     2431104,多,平今,4966.0,1,2022-04-08 11:10:50
1177,rb2210,SHFE,0_0_     2061877,     2431251,空,平今,4966.000000000001,1,2022-04-08 11:10:50
1178,rb2210,SHFE,0_0_     2061851,     2431481,空,平今,4967.0,1,2022-04-08 11:10:51
1179,rb2210,SHFE,0_0_     2062036,     2431560,多,平今,4966.0,1,2022-04-08 11:10:52
1180,rb2210,SHFE,0_0_     2062045,     2431602,空,平今,4967.0,1,2022-04-08 11:10:52
1181,rb2210,SHFE,0_0_     2062066,     2431673,多,开,4966.0,1,2022-04-08 11:10:53
1182,rb2210,SHFE,0_0_     2062145,     2431700,空,开,4967.0,2,2022-04-08 11:10:53
1183,rb2210,SHFE,0_0_     2062583,     2432204,多,开,4967.0,2,2022-04-08 11:10:56
1184,rb2210,SHFE,0_0_     2062159,     2434392,多,平今,4966.0,2,2022-04-08 11:11:10
1185,rb2210,SHFE,0_0_     2063975,     2434418,空,平今,4967.0,2,2022-04-08 11:11:10
1186,rb2210,SHFE,0_0_     2064684,     2435183,多,开,4967.0,1,2022-04-08 11:11:16
1187,rb2210,SHFE,0_0_     2064684,     2435184,多,开,4967.0,3,2022-04-08 11:11:16
1188,rb2210,SHFE,0_0_     2064685,     2436405,空,平今,4968.0,4,2022-04-08 11:11:23
1189,rb2210,SHFE,0_0_     2065557,     2436445,多,开,4967.0,4,2022-04-08 11:11:23
1190,rb2210,SHFE,0_0_     2065574,     2436459,空,平今,4968.0,4,2022-04-08 11:11:23
1191,rb2210,SHFE,0_0_     2069857,     2443910,多,开,4965.0,1,2022-04-08 11:12:04
1192,rb2210,SHFE,0_0_     2069857,     2443914,多,开,4965.0,1,2022-04-08 11:12:04
1193,rb2210,SHFE,0_0_     2069857,     2443923,多,开,4965.0,3,2022-04-08 11:12:04
1194,rb2210,SHFE,0_0_     2069857,     2443934,多,开,4965.0,1,2022-04-08 11:12:04
1195,rb2210,SHFE,0_0_     2070344,     2444733,多,开,4967.0,1,2022-04-08 11:12:10
1196,rb2210,SHFE,0_0_     2070417,     2445074,空,平今,4967.0,4,2022-04-08 11:12:13
1197,rb2210,SHFE,0_0_     2070496,     2445097,多,开,4966.0,3,2022-04-08 11:12:13
1198,rb2210,SHFE,0_0_     2073270,     2449015,空,平今,4967.0,1,2022-04-08 11:12:47
1199,rb2210,SHFE,0_0_     2073270,     2449423,空,平今,4967.0,1,2022-04-08 11:12:51
1200,rb2210,SHFE,0_0_     2073270,     2449462,空,平今,4967.0,1,2022-04-08 11:12:52
1201,rb2210,SHFE,0_0_     2073623,     2449714,多,开,4967.0,4,2022-04-08 11:12:54
1202,rb2210,SHFE,0_0_     2077395,     2456116,空,平今,4961.0,1,2022-04-08 11:13:37
1203,rb2210,SHFE,0_0_     2077395,     2456121,空,平今,4961.0,1,2022-04-08 11:13:37
1204,rb2210,SHFE,0_0_     2078740,     2462820,空,平今,4959.0,1,2022-04-08 11:14:06
1205,rb2210,SHFE,0_0_     2078740,     2462836,空,平今,4959.0,1,2022-04-08 11:14:06
1206,rb2210,SHFE,0_0_     2085027,     2472527,多,开,4958.0,2,2022-04-08 11:15:00
1207,rb2210,SHFE,0_0_     2085027,     2472532,多,开,4958.0,1,2022-04-08 11:15:00
1208,rb2210,SHFE,0_0_     2085049,     2472544,空,平今,4959.0,2,2022-04-08 11:15:00
1209,rb2210,SHFE,0_0_     2085049,     2472550,空,平今,4959.0,1,2022-04-08 11:15:00
1210,rb2210,SHFE,0_0_     2085058,     2472553,多,开,4958.0,3,2022-04-08 11:15:00
1211,rb2210,SHFE,0_0_     2085059,     2472819,空,平今,4959.0,1,2022-04-08 11:15:00
1212,rb2210,SHFE,0_0_     2085059,     2472828,空,平今,4959.0,2,2022-04-08 11:15:00
1213,rb2210,SHFE,0_0_     2085096,     2472843,多,开,4958.0,3,2022-04-08 11:15:00
1214,rb2210,SHFE,0_0_     2085248,     2473416,空,开,4956.0,6,2022-04-08 11:15:01
1215,rb2210,SHFE,0_0_     2085248,     2473419,空,开,4956.0,2,2022-04-08 11:15:01
1216,rb2210,SHFE,0_0_     2086263,     2475375,多,平今,4957.0,3,2022-04-08 11:15:08
1217,rb2210,SHFE,0_0_     2086263,     2475376,多,平今,4957.0,4,2022-04-08 11:15:08
1218,rb2210,SHFE,0_0_     2077094,     2478019,空,平今,4962.0,4,2022-04-08 11:15:24
1219,rb2210,SHFE,0_0_     2087832,     2478148,多,开,4961.0,4,2022-04-08 11:15:25
1220,rb2210,SHFE,0_0_     2089172,     2481225,空,平今,4964.0,2,2022-04-08 11:15:42
1221,rb2210,SHFE,0_0_     2089172,     2481241,空,平今,4964.0,1,2022-04-08 11:15:42
1222,rb2210,SHFE,0_0_     2089172,     2481246,空,平今,4964.0,1,2022-04-08 11:15:42
1223,rb2210,SHFE,0_0_     2090678,     2483159,空,开,4964.0,1,2022-04-08 11:16:00
1224,rb2210,SHFE,0_0_     2090678,     2483189,空,开,4964.0,1,2022-04-08 11:16:00
1225,rb2210,SHFE,0_0_     2090678,     2483194,空,开,4964.0,1,2022-04-08 11:16:00
1226,rb2210,SHFE,0_0_     2090678,     2483205,空,开,4964.0,1,2022-04-08 11:16:00
1227,rb2210,SHFE,0_0_     2090678,     2483236,空,开,4964.0,2,2022-04-08 11:16:00
1228,rb2210,SHFE,0_0_     2093430,     2488087,多,平今,4970.0,1,2022-04-08 11:16:27
1229,rb2210,SHFE,0_0_     2093487,     2488185,空,平今,4970.0,3,2022-04-08 11:16:28
1230,rb2210,SHFE,0_0_     2094739,     2489618,多,平今,4971.0,5,2022-04-08 11:16:38
1231,rb2210,SHFE,0_0_     2099710,     2496357,空,开,4974.0,2,2022-04-08 11:17:18
1232,rb2210,SHFE,0_0_     2099940,     2496835,多,开,4974.0,4,2022-04-08 11:17:20
1233,rb2210,SHFE,0_0_     2102141,     2500258,多,平今,4977.0,1,2022-04-08 11:17:37
1234,rb2210,SHFE,0_0_     2102141,     2500260,多,平今,4977.0,2,2022-04-08 11:17:37
1235,rb2210,SHFE,0_0_     2102797,     2501308,空,开,4978.0,5,2022-04-08 11:17:42
