,code,exchange,orderid,tradeid,direction,offset,price,volume,datetime
0,rb2210,SHFE,0_0_         221,       29263,空,平昨,5028.0,1,2022-04-12 21:00:12
1,rb2210,SHFE,0_0_         245,       29475,多,平昨,5027.0,1,2022-04-12 21:00:12
2,rb2210,SHFE,0_0_         246,       29481,空,平昨,5028.0,1,2022-04-12 21:00:12
3,rb2210,SHFE,0_0_         247,       29771,多,平昨,5027.0,1,2022-04-12 21:00:12
4,rb2210,SHFE,0_0_         263,       30229,空,平昨,5028.0,1,2022-04-12 21:00:12
5,rb2210,SHFE,0_0_         509,       37194,空,平昨,5031.0,2,2022-04-12 21:00:19
6,rb2210,SHFE,0_0_         544,       38230,空,开,5031.0,1,2022-04-12 21:00:20
7,rb2210,SHFE,0_0_         544,       38492,空,开,5031.0,2,2022-04-12 21:00:21
8,rb2210,SHFE,0_0_         628,       41059,空,平昨,5031.0,1,2022-04-12 21:00:23
9,rb2210,SHFE,0_0_         641,       43512,空,开,5031.0,3,2022-04-12 21:00:25
10,rb2210,SHFE,0_0_         698,       44238,多,平今,5028.0,2,2022-04-12 21:00:26
11,rb2210,SHFE,0_0_         698,       48412,多,平今,5028.0,2,2022-04-12 21:00:31
12,rb2210,SHFE,0_0_        1765,       70629,空,平昨,5025.0,1,2022-04-12 21:01:01
13,rb2210,SHFE,0_0_        1955,       74884,多,开,5022.0,1,2022-04-12 21:01:06
14,rb2210,SHFE,0_0_        1955,       74893,多,开,5022.0,1,2022-04-12 21:01:06
15,rb2210,SHFE,0_0_        1955,       75030,多,开,5022.0,2,2022-04-12 21:01:07
16,rb2210,SHFE,0_0_        1283,       75335,多,开,5021.0,3,2022-04-12 21:01:07
17,rb2210,SHFE,0_0_        2137,       77276,多,平昨,5020.0,1,2022-04-12 21:01:10
18,rb2210,SHFE,0_0_        2220,       78451,多,平今,5020.000000000001,1,2022-04-12 21:01:12
19,rb2210,SHFE,0_0_        2256,       79010,空,平今,5020.0,1,2022-04-12 21:01:13
20,rb2210,SHFE,0_0_        2256,       79024,空,平今,5020.0,1,2022-04-12 21:01:13
21,rb2210,SHFE,0_0_        2256,       79027,空,平今,5020.0,2,2022-04-12 21:01:13
22,rb2210,SHFE,0_0_        2024,       92402,空,平今,5022.000000000001,3,2022-04-12 21:01:36
23,rb2210,SHFE,0_0_        3181,       94808,多,开,5023.0,2,2022-04-12 21:01:41
24,rb2210,SHFE,0_0_        3218,       96020,空,平今,5023.0,2,2022-04-12 21:01:43
25,rb2210,SHFE,0_0_        3072,      101066,多,开,5021.0,1,2022-04-12 21:01:53
26,rb2210,SHFE,0_0_        3072,      101108,多,开,5021.0,1,2022-04-12 21:01:53
27,rb2210,SHFE,0_0_        3072,      101132,多,开,5021.0,1,2022-04-12 21:01:53
28,rb2210,SHFE,0_0_        4031,      109257,多,开,5017.0,4,2022-04-12 21:02:07
29,rb2210,SHFE,0_0_        4033,      109636,空,平今,5018.0,7,2022-04-12 21:02:07
30,rb2210,SHFE,0_0_        4056,      109644,多,开,5017.0,7,2022-04-12 21:02:07
31,rb2210,SHFE,0_0_        4057,      110897,空,平今,5018.0,7,2022-04-12 21:02:10
32,rb2210,SHFE,0_0_        4147,      111126,多,开,5017.0,2,2022-04-12 21:02:10
33,rb2210,SHFE,0_0_        4147,      111134,多,开,5017.0,4,2022-04-12 21:02:10
34,rb2210,SHFE,0_0_        4147,      111145,多,开,5017.0,1,2022-04-12 21:02:10
35,rb2210,SHFE,0_0_        4185,      111974,空,平今,5017.0,4,2022-04-12 21:02:11
36,rb2210,SHFE,0_0_        4297,      113682,多,开,5016.0,2,2022-04-12 21:02:14
37,rb2210,SHFE,0_0_        4297,      113695,多,开,5016.0,1,2022-04-12 21:02:14
38,rb2210,SHFE,0_0_        4879,      122909,空,平今,5018.0,2,2022-04-12 21:02:30
39,rb2210,SHFE,0_0_        5103,      124723,空,平今,5018.0,2,2022-04-12 21:02:33
40,rb2210,SHFE,0_0_        5437,      128467,多,开,5017.0,2,2022-04-12 21:02:41
41,rb2210,SHFE,0_0_        5569,      129174,空,平今,5018.0,3,2022-04-12 21:02:42
42,rb2210,SHFE,0_0_        5569,      129181,空,平今,5018.0,1,2022-04-12 21:02:42
43,rb2210,SHFE,0_0_        5615,      133662,多,开,5017.0,8,2022-04-12 21:02:53
44,rb2210,SHFE,0_0_        6269,      134173,空,平今,5018.0,1,2022-04-12 21:02:54
45,rb2210,SHFE,0_0_        6269,      134192,空,平今,5018.0,1,2022-04-12 21:02:54
46,rb2210,SHFE,0_0_        6269,      134215,空,平今,5018.0,1,2022-04-12 21:02:54
47,rb2210,SHFE,0_0_        6269,      134224,空,平今,5018.0,4,2022-04-12 21:02:54
48,rb2210,SHFE,0_0_        6269,      134230,空,平今,5018.0,1,2022-04-12 21:02:54
49,rb2210,SHFE,0_0_        6721,      135895,多,开,5018.0,3,2022-04-12 21:02:59
50,rb2210,SHFE,0_0_        6951,      137074,空,平今,5018.0,1,2022-04-12 21:03:01
51,rb2210,SHFE,0_0_        6951,      137076,空,平今,5018.0,1,2022-04-12 21:03:01
52,rb2210,SHFE,0_0_        7324,      140478,空,平今,5015.0,1,2022-04-12 21:03:07
53,rb2210,SHFE,0_0_        7440,      141694,多,开,5014.0,4,2022-04-12 21:03:09
54,rb2210,SHFE,0_0_        7460,      142103,空,开,5014.0,1,2022-04-12 21:03:10
55,rb2210,SHFE,0_0_       10720,      157289,多,开,5018.0,2,2022-04-12 21:03:49
56,rb2210,SHFE,0_0_       10720,      157301,多,开,5018.0,2,2022-04-12 21:03:49
57,rb2210,SHFE,0_0_       11085,      159151,空,平今,5019.0,4,2022-04-12 21:03:55
58,rb2210,SHFE,0_0_        8224,      162172,多,平今,5016.0,1,2022-04-12 21:04:03
59,rb2210,SHFE,0_0_       13371,      166639,多,开,5016.0,4,2022-04-12 21:04:16
60,rb2210,SHFE,0_0_       13605,      167039,空,平今,5017.0,1,2022-04-12 21:04:17
61,rb2210,SHFE,0_0_       15209,      173323,空,平今,5015.0,2,2022-04-12 21:04:40
62,rb2210,SHFE,0_0_       16080,      174559,空,开,5014.000000000001,1,2022-04-12 21:04:44
63,rb2210,SHFE,0_0_       17280,      177558,多,平今,5016.0,2,2022-04-12 21:04:54
64,rb2210,SHFE,0_0_       21013,      185625,空,平今,5014.0,1,2022-04-12 21:05:12
65,rb2210,SHFE,0_0_       22986,      190134,空,开,5014.0,1,2022-04-12 21:05:22
66,rb2210,SHFE,0_0_       24312,      192840,多,开,5015.0,4,2022-04-12 21:05:30
67,rb2210,SHFE,0_0_       24360,      201643,空,平今,5016.0,1,2022-04-12 21:05:54
68,rb2210,SHFE,0_0_       24360,      201645,空,平今,5016.0,1,2022-04-12 21:05:54
69,rb2210,SHFE,0_0_       24360,      201666,空,平今,5016.0,1,2022-04-12 21:05:54
70,rb2210,SHFE,0_0_       24360,      201672,空,平今,5016.0,1,2022-04-12 21:05:54
71,rb2210,SHFE,0_0_       17537,      202439,空,开,5017.0,2,2022-04-12 21:05:56
72,rb2210,SHFE,0_0_       29526,      203264,多,平今,5016.0,2,2022-04-12 21:05:59
73,rb2210,SHFE,0_0_       30323,      203729,空,开,5017.0,3,2022-04-12 21:06:00
74,rb2210,SHFE,0_0_       30323,      203777,空,开,5017.0,1,2022-04-12 21:06:00
75,rb2210,SHFE,0_0_       30618,      204292,空,开,5016.0,2,2022-04-12 21:06:01
76,rb2210,SHFE,0_0_       31487,      208412,多,平今,5016.0,1,2022-04-12 21:06:12
77,rb2210,SHFE,0_0_       31487,      208538,多,平今,5016.0,3,2022-04-12 21:06:13
78,rb2210,SHFE,0_0_       31487,      208636,多,平今,5016.0,1,2022-04-12 21:06:13
79,rb2210,SHFE,0_0_       31487,      208997,多,平今,5016.0,2,2022-04-12 21:06:13
80,rb2210,SHFE,0_0_       33019,      209613,空,开,5016.0,2,2022-04-12 21:06:15
81,rb2210,SHFE,0_0_       28956,      215723,多,开,5015.0,2,2022-04-12 21:06:38
82,rb2210,SHFE,0_0_       37980,      216046,空,平今,5016.0,2,2022-04-12 21:06:39
83,rb2210,SHFE,0_0_       40570,      220254,多,平今,5017.0,1,2022-04-12 21:06:55
84,rb2210,SHFE,0_0_       11156,      223196,空,平今,5019.0,4,2022-04-12 21:07:01
85,rb2210,SHFE,0_0_       43963,      224767,多,开,5019.0,3,2022-04-12 21:07:05
86,rb2210,SHFE,0_0_       46278,      228971,空,平今,5020.0,3,2022-04-12 21:07:16
87,rb2210,SHFE,0_0_       47260,      243371,多,开,5019.0,4,2022-04-12 21:07:48
88,rb2210,SHFE,0_0_       52848,      243413,空,平今,5020.0,4,2022-04-12 21:07:48
89,rb2210,SHFE,0_0_       52907,      243939,空,开,5020.0,1,2022-04-12 21:07:49
90,rb2210,SHFE,0_0_       52907,      244088,空,开,5020.0,1,2022-04-12 21:07:50
91,rb2210,SHFE,0_0_       52907,      244095,空,开,5020.0,1,2022-04-12 21:07:50
92,rb2210,SHFE,0_0_       43470,      244734,多,开,5018.0,2,2022-04-12 21:07:51
93,rb2210,SHFE,0_0_       43470,      244738,多,开,5018.0,1,2022-04-12 21:07:51
94,rb2210,SHFE,0_0_       53537,      244941,空,平今,5019.0,1,2022-04-12 21:07:52
95,rb2210,SHFE,0_0_       53537,      244943,空,平今,5019.0,1,2022-04-12 21:07:52
96,rb2210,SHFE,0_0_       53730,      245490,空,平今,5019.0,1,2022-04-12 21:07:53
97,rb2210,SHFE,0_0_       54700,      246471,多,平今,5018.0,1,2022-04-12 21:07:57
98,rb2210,SHFE,0_0_       55029,      247791,空,开,5019.0,1,2022-04-12 21:08:01
99,rb2210,SHFE,0_0_       56502,      250251,多,开,5018.0,4,2022-04-12 21:08:07
100,rb2210,SHFE,0_0_       57007,      251637,空,平今,5019.0,4,2022-04-12 21:08:10
101,rb2210,SHFE,0_0_       57720,      251807,多,开,5018.0,4,2022-04-12 21:08:10
102,rb2210,SHFE,0_0_       52759,      254031,空,开,5021.0,1,2022-04-12 21:08:16
103,rb2210,SHFE,0_0_       52759,      254141,空,开,5021.0,3,2022-04-12 21:08:17
104,rb2210,SHFE,0_0_       58693,      257520,多,开,5019.0,4,2022-04-12 21:08:26
105,rb2210,SHFE,0_0_       61916,      259261,多,平今,5021.0,2,2022-04-12 21:08:32
106,rb2210,SHFE,0_0_       61916,      259262,多,平今,5021.0,1,2022-04-12 21:08:32
107,rb2210,SHFE,0_0_       72353,      277750,多,平今,5024.0,1,2022-04-12 21:09:19
108,rb2210,SHFE,0_0_       73055,      279872,空,平今,5025.0,3,2022-04-12 21:09:23
109,rb2210,SHFE,0_0_       73295,      280766,多,开,5025.0,2,2022-04-12 21:09:24
110,rb2210,SHFE,0_0_       73421,      281444,空,平今,5026.0,2,2022-04-12 21:09:26
111,rb2210,SHFE,0_0_       73930,      281704,空,平今,5026.0,4,2022-04-12 21:09:27
112,rb2210,SHFE,0_0_       74023,      281751,多,开,5025.0,5,2022-04-12 21:09:27
113,rb2210,SHFE,0_0_       74128,      281776,多,开,5025.0,2,2022-04-12 21:09:27
114,rb2210,SHFE,0_0_       74126,      281807,空,平今,5026.0,2,2022-04-12 21:09:27
115,rb2210,SHFE,0_0_       74126,      281808,空,平今,5026.0,3,2022-04-12 21:09:27
116,rb2210,SHFE,0_0_       74169,      281870,多,开,5025.0,2,2022-04-12 21:09:27
117,rb2210,SHFE,0_0_       74169,      282118,多,开,5025.0,1,2022-04-12 21:09:28
118,rb2210,SHFE,0_0_       74169,      282127,多,开,5025.0,1,2022-04-12 21:09:28
119,rb2210,SHFE,0_0_       74545,      283556,空,平今,5026.0,4,2022-04-12 21:09:32
120,rb2210,SHFE,0_0_       75396,      284181,空,平今,5026.0,1,2022-04-12 21:09:33
121,rb2210,SHFE,0_0_       75408,      285667,多,平今,5025.0,1,2022-04-12 21:09:37
122,rb2210,SHFE,0_0_       77950,      288021,多,开,5026.0,2,2022-04-12 21:09:44
123,rb2210,SHFE,0_0_       77950,      288023,多,开,5026.0,1,2022-04-12 21:09:44
124,rb2210,SHFE,0_0_       77950,      288024,多,开,5026.0,2,2022-04-12 21:09:44
125,rb2210,SHFE,0_0_       77845,      289026,多,开,5025.0,1,2022-04-12 21:09:48
126,rb2210,SHFE,0_0_       78988,      289899,空,平今,5026.0,1,2022-04-12 21:09:52
127,rb2210,SHFE,0_0_       78988,      289921,空,平今,5026.0,3,2022-04-12 21:09:52
128,rb2210,SHFE,0_0_       79613,      291064,多,开,5025.0,4,2022-04-12 21:09:56
129,rb2210,SHFE,0_0_       81352,      292615,空,平今,5026.0,1,2022-04-12 21:10:01
130,rb2210,SHFE,0_0_       81352,      292616,空,平今,5026.0,2,2022-04-12 21:10:01
131,rb2210,SHFE,0_0_       81699,      293402,空,平今,5026.0,3,2022-04-12 21:10:02
132,rb2210,SHFE,0_0_       81885,      293965,多,开,5025.0,1,2022-04-12 21:10:03
133,rb2210,SHFE,0_0_       81950,      294039,多,开,5025.0,4,2022-04-12 21:10:03
134,rb2210,SHFE,0_0_       82236,      298667,空,平今,5025.0,4,2022-04-12 21:10:14
135,rb2210,SHFE,0_0_       86416,      301808,多,开,5025.0,1,2022-04-12 21:10:25
136,rb2210,SHFE,0_0_       86416,      301818,多,开,5025.0,1,2022-04-12 21:10:25
137,rb2210,SHFE,0_0_       86416,      301828,多,开,5025.0,1,2022-04-12 21:10:25
138,rb2210,SHFE,0_0_       89373,      307695,空,平今,5027.0,1,2022-04-12 21:10:37
139,rb2210,SHFE,0_0_       89986,      308255,多,开,5027.0,1,2022-04-12 21:10:39
140,rb2210,SHFE,0_0_       90329,      312914,空,平今,5027.0,1,2022-04-12 21:10:55
141,rb2210,SHFE,0_0_       93348,      312975,多,开,5026.0,1,2022-04-12 21:10:55
142,rb2210,SHFE,0_0_       85849,      317092,多,开,5024.0,2,2022-04-12 21:11:06
143,rb2210,SHFE,0_0_       95692,      317410,空,平今,5025.0,4,2022-04-12 21:11:07
144,rb2210,SHFE,0_0_       59133,      343351,多,平今,5019.0,3,2022-04-12 21:12:34
145,rb2210,SHFE,0_0_      114134,      343695,空,开,5019.0,5,2022-04-12 21:12:35
146,rb2210,SHFE,0_0_      114134,      343740,空,开,5019.0,1,2022-04-12 21:12:35
147,rb2210,SHFE,0_0_      115230,      345557,多,平今,5018.0,1,2022-04-12 21:12:43
148,rb2210,SHFE,0_0_      116308,      346782,多,平今,5018.0,1,2022-04-12 21:12:48
149,rb2210,SHFE,0_0_      116308,      346805,多,平今,5018.0,2,2022-04-12 21:12:48
150,rb2210,SHFE,0_0_      116308,      346920,多,平今,5018.0,1,2022-04-12 21:12:49
151,rb2210,SHFE,0_0_      118462,      349257,空,开,5019.0,2,2022-04-12 21:13:00
152,rb2210,SHFE,0_0_      118462,      349260,空,开,5019.0,2,2022-04-12 21:13:00
153,rb2210,SHFE,0_0_      118552,      349261,多,平今,5018.0,2,2022-04-12 21:13:00
154,rb2210,SHFE,0_0_      127366,      368012,多,平今,5019.0,2,2022-04-12 21:14:17
155,rb2210,SHFE,0_0_      132445,      368189,空,平今,5020.0,2,2022-04-12 21:14:17
156,rb2210,SHFE,0_0_      132588,      369684,多,开,5019.0,2,2022-04-12 21:14:26
157,rb2210,SHFE,0_0_      134170,      371748,空,平今,5020.0,2,2022-04-12 21:14:36
158,rb2210,SHFE,0_0_      136473,      371886,多,开,5019.0,2,2022-04-12 21:14:37
159,rb2210,SHFE,0_0_      138677,      374302,空,平今,5018.0,1,2022-04-12 21:14:50
160,rb2210,SHFE,0_0_      139009,      375745,多,平今,5017.0,1,2022-04-12 21:14:55
161,rb2210,SHFE,0_0_      146487,      386155,空,平今,5012.0,1,2022-04-12 21:15:27
162,rb2210,SHFE,0_0_      146709,      388757,多,开,5012.0,4,2022-04-12 21:15:37
163,rb2210,SHFE,0_0_      149042,      389522,空,平今,5012.0,1,2022-04-12 21:15:39
164,rb2210,SHFE,0_0_      149042,      389628,空,平今,5012.0,1,2022-04-12 21:15:39
165,rb2210,SHFE,0_0_      149042,      389635,空,平今,5012.0,2,2022-04-12 21:15:39
166,rb2210,SHFE,0_0_      150613,      391852,空,开,5012.0,4,2022-04-12 21:15:48
167,rb2210,SHFE,0_0_      149791,      396635,空,开,5013.0,4,2022-04-12 21:16:05
168,rb2210,SHFE,0_0_      154854,      398135,多,平今,5013.0,1,2022-04-12 21:16:10
169,rb2210,SHFE,0_0_      154854,      398140,多,平今,5013.0,1,2022-04-12 21:16:10
170,rb2210,SHFE,0_0_      154854,      398145,多,平今,5013.0,2,2022-04-12 21:16:10
171,rb2210,SHFE,0_0_      154854,      398863,多,平今,5013.0,1,2022-04-12 21:16:13
172,rb2210,SHFE,0_0_      154385,      404193,多,平今,5011.0,1,2022-04-12 21:16:39
173,rb2210,SHFE,0_0_      154385,      404212,多,平今,5011.0,1,2022-04-12 21:16:39
174,rb2210,SHFE,0_0_      154385,      404244,多,平今,5011.0,1,2022-04-12 21:16:39
175,rb2210,SHFE,0_0_      160872,      406035,空,开,5013.0,4,2022-04-12 21:16:47
176,rb2210,SHFE,0_0_      162237,      406077,多,平今,5012.0,2,2022-04-12 21:16:47
177,rb2210,SHFE,0_0_      162237,      406079,多,平今,5012.0,1,2022-04-12 21:16:47
178,rb2210,SHFE,0_0_      162237,      406087,多,平今,5012.0,1,2022-04-12 21:16:47
179,rb2210,SHFE,0_0_      162247,      406218,空,开,5013.0,1,2022-04-12 21:16:48
180,rb2210,SHFE,0_0_      162247,      406224,空,开,5013.0,1,2022-04-12 21:16:48
181,rb2210,SHFE,0_0_      162247,      406227,空,开,5013.0,2,2022-04-12 21:16:48
182,rb2210,SHFE,0_0_      162587,      406810,多,平今,5013.0,1,2022-04-12 21:16:50
183,rb2210,SHFE,0_0_      162587,      406850,多,平今,5013.0,1,2022-04-12 21:16:50
184,rb2210,SHFE,0_0_      162587,      406857,多,平今,5013.0,1,2022-04-12 21:16:50
185,rb2210,SHFE,0_0_      162587,      406901,多,平今,5013.0,1,2022-04-12 21:16:50
186,rb2210,SHFE,0_0_      163794,      409335,多,开,5013.0,1,2022-04-12 21:17:00
187,rb2210,SHFE,0_0_      163794,      409336,多,开,5013.0,3,2022-04-12 21:17:00
188,rb2210,SHFE,0_0_      165226,      412027,空,平今,5014.0,1,2022-04-12 21:17:09
189,rb2210,SHFE,0_0_      181133,      431674,空,开,5010.0,2,2022-04-12 21:18:45
190,rb2210,SHFE,0_0_      181133,      431675,空,开,5010.0,1,2022-04-12 21:18:45
191,rb2210,SHFE,0_0_      181133,      431676,空,开,5010.0,1,2022-04-12 21:18:45
192,rb2210,SHFE,0_0_      181133,      431677,空,开,5010.0,1,2022-04-12 21:18:45
193,rb2210,SHFE,0_0_      181133,      431678,空,开,5010.0,1,2022-04-12 21:18:45
194,rb2210,SHFE,0_0_      181133,      431679,空,开,5010.0,1,2022-04-12 21:18:45
195,rb2210,SHFE,0_0_      181133,      431680,空,开,5010.0,1,2022-04-12 21:18:45
196,rb2210,SHFE,0_0_      182039,      433329,多,平今,5009.0,2,2022-04-12 21:18:51
197,rb2210,SHFE,0_0_      185803,      439106,空,平今,5011.0,1,2022-04-12 21:19:14
198,rb2210,SHFE,0_0_      180178,      439818,空,平今,5012.0,2,2022-04-12 21:19:18
199,rb2210,SHFE,0_0_      180178,      439914,空,平今,5012.0,1,2022-04-12 21:19:18
200,rb2210,SHFE,0_0_      180178,      440028,空,平今,5012.0,1,2022-04-12 21:19:18
201,rb2210,SHFE,0_0_      187668,      442217,多,平今,5012.0,4,2022-04-12 21:19:29
202,rb2210,SHFE,0_0_      188682,      442362,多,开,5012.0,4,2022-04-12 21:19:29
203,rb2210,SHFE,0_0_      186938,      445271,多,平今,5011.0,1,2022-04-12 21:19:46
204,rb2210,SHFE,0_0_      193330,      457469,空,开,5011.0,4,2022-04-12 21:20:28
205,rb2210,SHFE,0_0_      199458,      458200,多,平今,5011.0,1,2022-04-12 21:20:31
206,rb2210,SHFE,0_0_      191932,      458338,空,平今,5012.0,3,2022-04-12 21:20:31
207,rb2210,SHFE,0_0_      201674,      464030,多,开,5012.0,1,2022-04-12 21:20:56
208,rb2210,SHFE,0_0_      200266,      468113,多,平今,5011.0,4,2022-04-12 21:21:14
209,rb2210,SHFE,0_0_      208628,      470652,空,开,5012.0,4,2022-04-12 21:21:29
210,rb2210,SHFE,0_0_      209602,      471397,多,平今,5012.0,2,2022-04-12 21:21:31
211,rb2210,SHFE,0_0_      209691,      471402,多,平今,5012.0,2,2022-04-12 21:21:31
212,rb2210,SHFE,0_0_      209791,      472315,多,开,5012.0,4,2022-04-12 21:21:36
213,rb2210,SHFE,0_0_      213666,      476176,空,平今,5015.0,1,2022-04-12 21:21:58
214,rb2210,SHFE,0_0_      213666,      476179,空,平今,5015.0,1,2022-04-12 21:21:58
215,rb2210,SHFE,0_0_      209744,      482980,多,开,5011.0,1,2022-04-12 21:22:35
216,rb2210,SHFE,0_0_      221163,      486597,空,平今,5010.0,1,2022-04-12 21:22:51
217,rb2210,SHFE,0_0_      221163,      486604,空,平今,5010.0,1,2022-04-12 21:22:51
218,rb2210,SHFE,0_0_      221163,      486617,空,平今,5010.0,1,2022-04-12 21:22:51
219,rb2210,SHFE,0_0_      222659,      487080,空,开,5010.0,1,2022-04-12 21:22:53
220,rb2210,SHFE,0_0_      222659,      487120,空,开,5010.0,1,2022-04-12 21:22:53
221,rb2210,SHFE,0_0_      222659,      487163,空,开,5010.0,1,2022-04-12 21:22:54
222,rb2210,SHFE,0_0_      222659,      487164,空,开,5010.0,1,2022-04-12 21:22:54
223,rb2210,SHFE,0_0_      225516,      493080,多,平今,5011.0,1,2022-04-12 21:23:32
224,rb2210,SHFE,0_0_      228618,      493157,空,平今,5012.0,1,2022-04-12 21:23:32
225,rb2210,SHFE,0_0_      236331,      505014,多,开,5014.0,2,2022-04-12 21:24:29
226,rb2210,SHFE,0_0_      213969,      506052,空,平今,5015.0,1,2022-04-12 21:24:32
227,rb2210,SHFE,0_0_      237774,      506124,多,平今,5014.0,1,2022-04-12 21:24:33
228,rb2210,SHFE,0_0_      238718,      508432,多,开,5014.0,2,2022-04-12 21:24:43
229,rb2210,SHFE,0_0_      238718,      508450,多,开,5014.0,1,2022-04-12 21:24:44
230,rb2210,SHFE,0_0_      238718,      508472,多,开,5014.0,1,2022-04-12 21:24:44
231,rb2210,SHFE,0_0_      240713,      511593,空,平今,5015.0,3,2022-04-12 21:24:58
232,rb2210,SHFE,0_0_      242087,      512083,空,平今,5015.0,1,2022-04-12 21:25:01
233,rb2210,SHFE,0_0_      243970,      515859,空,平今,5014.0,1,2022-04-12 21:25:17
234,rb2210,SHFE,0_0_      248967,      521293,多,开,5015.0,4,2022-04-12 21:25:38
235,rb2210,SHFE,0_0_      249380,      522102,空,平今,5015.0,2,2022-04-12 21:25:42
236,rb2210,SHFE,0_0_      249380,      522112,空,平今,5015.0,1,2022-04-12 21:25:42
237,rb2210,SHFE,0_0_      249897,      522880,多,开,5013.0,6,2022-04-12 21:25:46
238,rb2210,SHFE,0_0_      250090,      526855,空,平今,5014.0,4,2022-04-12 21:26:11
239,rb2210,SHFE,0_0_      256162,      529148,空,平今,5014.0,1,2022-04-12 21:26:31
240,rb2210,SHFE,0_0_      256162,      529179,空,平今,5014.0,1,2022-04-12 21:26:31
241,rb2210,SHFE,0_0_      256162,      529207,空,平今,5014.0,1,2022-04-12 21:26:32
242,rb2210,SHFE,0_0_      256162,      529210,空,平今,5014.0,1,2022-04-12 21:26:32
243,rb2210,SHFE,0_0_      254693,      532238,多,开,5012.0,4,2022-04-12 21:26:53
244,rb2210,SHFE,0_0_      259211,      532275,空,平今,5013.0,1,2022-04-12 21:26:53
245,rb2210,SHFE,0_0_      259211,      532276,空,平今,5013.0,1,2022-04-12 21:26:53
246,rb2210,SHFE,0_0_      259243,      532394,空,开,5013.0,4,2022-04-12 21:26:54
247,rb2210,SHFE,0_0_      259277,      532484,多,平今,5013.0,1,2022-04-12 21:26:54
248,rb2210,SHFE,0_0_      229429,      532548,多,平今,5011.0,2,2022-04-12 21:26:54
249,rb2210,SHFE,0_0_      259285,      532608,空,开,5012.0,1,2022-04-12 21:26:54
250,rb2210,SHFE,0_0_      259285,      532624,空,开,5012.0,4,2022-04-12 21:26:55
251,rb2210,SHFE,0_0_      259790,      533663,多,平今,5012.0,3,2022-04-12 21:27:01
252,rb2210,SHFE,0_0_      266099,      540319,多,平今,5016.0,1,2022-04-12 21:27:46
253,rb2210,SHFE,0_0_      266762,      543178,多,开,5017.0,2,2022-04-12 21:28:05
254,rb2210,SHFE,0_0_      264291,      547723,多,开,5014.0,1,2022-04-12 21:28:24
255,rb2210,SHFE,0_0_      264291,      547738,多,开,5014.0,3,2022-04-12 21:28:24
256,rb2210,SHFE,0_0_      273722,      550330,空,平今,5014.0,1,2022-04-12 21:28:42
257,rb2210,SHFE,0_0_      273722,      550399,空,平今,5014.0,1,2022-04-12 21:28:43
258,rb2210,SHFE,0_0_      272211,      553052,空,平今,5015.0,1,2022-04-12 21:28:56
259,rb2210,SHFE,0_0_      272211,      553056,空,平今,5015.0,1,2022-04-12 21:28:56
260,rb2210,SHFE,0_0_      272211,      553273,空,平今,5015.0,1,2022-04-12 21:28:57
261,rb2210,SHFE,0_0_      272211,      554000,空,平今,5015.0,1,2022-04-12 21:29:00
262,rb2210,SHFE,0_0_      278908,      555357,多,开,5015.0,1,2022-04-12 21:29:05
263,rb2210,SHFE,0_0_      281096,      558318,空,平今,5016.0,1,2022-04-12 21:29:24
264,rb2210,SHFE,0_0_      281096,      558332,空,平今,5016.0,1,2022-04-12 21:29:24
265,rb2210,SHFE,0_0_      288228,      573656,多,开,5014.0,4,2022-04-12 21:30:33
266,rb2210,SHFE,0_0_      262382,      581781,多,平今,5012.0,3,2022-04-12 21:31:11
267,rb2210,SHFE,0_0_      262382,      581782,多,平今,5012.0,1,2022-04-12 21:31:11
268,rb2210,SHFE,0_0_      300514,      581876,空,平今,5013.0,3,2022-04-12 21:31:11
269,rb2210,SHFE,0_0_      300644,      583917,多,开,5012.0,4,2022-04-12 21:31:24
270,rb2210,SHFE,0_0_      300644,      583918,多,开,5012.0,2,2022-04-12 21:31:24
271,rb2210,SHFE,0_0_      302672,      583956,空,平今,5012.0,1,2022-04-12 21:31:24
272,rb2210,SHFE,0_0_      302672,      584025,空,平今,5012.0,1,2022-04-12 21:31:24
273,rb2210,SHFE,0_0_      302672,      584027,空,平今,5012.0,3,2022-04-12 21:31:24
274,rb2210,SHFE,0_0_      302672,      584028,空,平今,5012.0,1,2022-04-12 21:31:24
275,rb2210,SHFE,0_0_      308403,      591081,空,开,5008.0,4,2022-04-12 21:32:03
276,rb2210,SHFE,0_0_      311349,      596591,多,开,5009.0,2,2022-04-12 21:32:18
277,rb2210,SHFE,0_0_      302992,      611930,空,开,5012.0,4,2022-04-12 21:33:34
278,rb2210,SHFE,0_0_      302456,      612749,空,平今,5013.0,2,2022-04-12 21:33:38
279,rb2210,SHFE,0_0_      325386,      621977,多,平今,5012.0,1,2022-04-12 21:34:30
280,rb2210,SHFE,0_0_      325386,      622004,多,平今,5012.0,1,2022-04-12 21:34:30
281,rb2210,SHFE,0_0_      325386,      622158,多,平今,5012.0,1,2022-04-12 21:34:32
282,rb2210,SHFE,0_0_      340937,      628369,空,开,5012.0,1,2022-04-12 21:35:10
283,rb2210,SHFE,0_0_      335566,      641523,空,平今,5014.0,2,2022-04-12 21:36:29
284,rb2210,SHFE,0_0_      356677,      642573,空,开,5012.0,1,2022-04-12 21:36:38
285,rb2210,SHFE,0_0_      356677,      642587,空,开,5012.0,1,2022-04-12 21:36:38
286,rb2210,SHFE,0_0_      314968,      646097,多,开,5009.0,4,2022-04-12 21:37:05
287,rb2210,SHFE,0_0_      362100,      648231,多,平今,5007.0,1,2022-04-12 21:37:16
288,rb2210,SHFE,0_0_      362503,      649246,空,开,5008.0,1,2022-04-12 21:37:23
289,rb2210,SHFE,0_0_      363607,      649251,多,平今,5007.0,1,2022-04-12 21:37:23
290,rb2210,SHFE,0_0_      308880,      655695,多,平今,5005.0,4,2022-04-12 21:38:06
291,rb2210,SHFE,0_0_      368932,      655762,空,开,5006.0,3,2022-04-12 21:38:07
292,rb2210,SHFE,0_0_      368932,      655767,空,开,5006.0,1,2022-04-12 21:38:07
293,rb2210,SHFE,0_0_      377170,      666778,多,平今,5002.0,4,2022-04-12 21:39:00
294,rb2210,SHFE,0_0_      377604,      667084,空,开,5003.0,1,2022-04-12 21:39:02
295,rb2210,SHFE,0_0_      378092,      667893,多,平今,5002.0,4,2022-04-12 21:39:06
296,rb2210,SHFE,0_0_      378649,      668047,空,开,5002.0,2,2022-04-12 21:39:07
297,rb2210,SHFE,0_0_      378649,      668058,空,开,5002.0,2,2022-04-12 21:39:07
298,rb2210,SHFE,0_0_      380453,      670721,空,开,5002.0,2,2022-04-12 21:39:19
299,rb2210,SHFE,0_0_      380600,      671138,多,平今,5001.0,4,2022-04-12 21:39:21
300,rb2210,SHFE,0_0_      380941,      671309,空,开,5001.0,1,2022-04-12 21:39:22
301,rb2210,SHFE,0_0_      381333,      672545,空,开,5001.0,5,2022-04-12 21:39:25
302,rb2210,SHFE,0_0_      383424,      674839,多,平今,5001.0,2,2022-04-12 21:39:36
303,rb2210,SHFE,0_0_      384020,      675938,多,平今,5001.0,4,2022-04-12 21:39:43
304,rb2210,SHFE,0_0_      384291,      676245,空,开,5002.0,4,2022-04-12 21:39:45
305,rb2210,SHFE,0_0_      384498,      676295,多,平今,5001.000000000001,4,2022-04-12 21:39:46
306,rb2210,SHFE,0_0_      384593,      676392,空,开,5002.0,5,2022-04-12 21:39:46
307,rb2210,SHFE,0_0_      384630,      676632,多,平今,5001.0,2,2022-04-12 21:39:48
308,rb2210,SHFE,0_0_      384630,      676639,多,平今,5001.0,1,2022-04-12 21:39:48
309,rb2210,SHFE,0_0_      384630,      676693,多,平今,5001.0,2,2022-04-12 21:39:48
310,rb2210,SHFE,0_0_      388043,      680525,空,开,5002.0,1,2022-04-12 21:40:08
311,rb2210,SHFE,0_0_      388043,      680531,空,开,5002.0,3,2022-04-12 21:40:08
312,rb2210,SHFE,0_0_      385009,      681279,多,开,5001.0,4,2022-04-12 21:40:12
313,rb2210,SHFE,0_0_      388558,      681410,空,平今,5002.0,4,2022-04-12 21:40:13
314,rb2210,SHFE,0_0_      388638,      681900,多,平今,5001.0,4,2022-04-12 21:40:16
315,rb2210,SHFE,0_0_      389833,      683112,空,平今,4998.0,1,2022-04-12 21:40:20
316,rb2210,SHFE,0_0_      389833,      683113,空,平今,4998.0,1,2022-04-12 21:40:20
317,rb2210,SHFE,0_0_      389833,      683114,空,平今,4998.0,1,2022-04-12 21:40:20
318,rb2210,SHFE,0_0_      389833,      683115,空,平今,4998.0,1,2022-04-12 21:40:20
319,rb2210,SHFE,0_0_      391436,      687043,多,平今,4996.0,1,2022-04-12 21:40:30
320,rb2210,SHFE,0_0_      391436,      687044,多,平今,4996.0,1,2022-04-12 21:40:30
321,rb2210,SHFE,0_0_      391963,      687643,多,开,4996.0,1,2022-04-12 21:40:32
322,rb2210,SHFE,0_0_      391963,      687644,多,开,4996.0,1,2022-04-12 21:40:32
323,rb2210,SHFE,0_0_      392608,      688525,空,平今,4997.0,1,2022-04-12 21:40:37
324,rb2210,SHFE,0_0_      393349,      689200,多,开,4996.0,1,2022-04-12 21:40:41
325,rb2210,SHFE,0_0_      393929,      689237,空,平今,4997.0,1,2022-04-12 21:40:41
326,rb2210,SHFE,0_0_      389043,      697354,空,开,5001.0,1,2022-04-12 21:41:24
327,rb2210,SHFE,0_0_      389043,      697356,空,开,5001.0,1,2022-04-12 21:41:24
328,rb2210,SHFE,0_0_      389043,      697376,空,开,5001.0,2,2022-04-12 21:41:24
329,rb2210,SHFE,0_0_      405353,      705371,空,开,4999.0,3,2022-04-12 21:42:05
330,rb2210,SHFE,0_0_      408064,      708216,多,开,4999.0,5,2022-04-12 21:42:23
331,rb2210,SHFE,0_0_      408064,      708227,多,开,4999.0,1,2022-04-12 21:42:23
332,rb2210,SHFE,0_0_      408064,      708228,多,开,4999.0,1,2022-04-12 21:42:23
333,rb2210,SHFE,0_0_      422612,      722392,多,平今,4999.0,3,2022-04-12 21:44:11
334,rb2210,SHFE,0_0_      422747,      723222,空,平今,5000.0,2,2022-04-12 21:44:17
335,rb2210,SHFE,0_0_      423797,      723636,空,平今,5000.0,1,2022-04-12 21:44:19
336,rb2210,SHFE,0_0_      423875,      724261,多,平今,4999.000000000001,1,2022-04-12 21:44:22
337,rb2210,SHFE,0_0_      424254,      724623,空,平今,4999.0,2,2022-04-12 21:44:23
338,rb2210,SHFE,0_0_      424254,      724624,空,平今,4999.0,2,2022-04-12 21:44:23
339,rb2210,SHFE,0_0_      429076,      731226,空,开,4995.0,4,2022-04-12 21:44:56
340,rb2210,SHFE,0_0_      429645,      731641,空,开,4995.0,1,2022-04-12 21:44:59
341,rb2210,SHFE,0_0_      429906,      733040,多,平今,4995.0,7,2022-04-12 21:45:03
342,rb2210,SHFE,0_0_      430342,      733252,空,开,4996.0,7,2022-04-12 21:45:03
343,rb2210,SHFE,0_0_      441586,      751199,多,平今,4990.0,4,2022-04-12 21:46:12
344,rb2210,SHFE,0_0_      441740,      751771,多,平今,4991.0,2,2022-04-12 21:46:13
345,rb2210,SHFE,0_0_      454878,      769581,空,开,4993.0,1,2022-04-12 21:47:39
346,rb2210,SHFE,0_0_      462018,      778643,多,平今,4997.0,1,2022-04-12 21:48:35
347,rb2210,SHFE,0_0_      457556,      781779,多,开,4994.0,4,2022-04-12 21:48:59
348,rb2210,SHFE,0_0_      464639,      783252,空,平今,4995.0,4,2022-04-12 21:49:08
349,rb2210,SHFE,0_0_      469075,      786994,空,开,4998.0,1,2022-04-12 21:49:33
350,rb2210,SHFE,0_0_      471202,      792408,空,开,4996.0,2,2022-04-12 21:50:18
351,rb2210,SHFE,0_0_      477337,      796949,多,平今,4994.0,1,2022-04-12 21:50:55
352,rb2210,SHFE,0_0_      477337,      796952,多,平今,4994.0,2,2022-04-12 21:50:55
353,rb2210,SHFE,0_0_      477337,      797108,多,平今,4994.0,1,2022-04-12 21:50:56
354,rb2210,SHFE,0_0_      479214,      798872,多,开,4996.0,2,2022-04-12 21:51:06
355,rb2210,SHFE,0_0_      479500,      799010,空,平今,4997.0,1,2022-04-12 21:51:07
356,rb2210,SHFE,0_0_      479500,      799028,空,平今,4997.0,1,2022-04-12 21:51:07
357,rb2210,SHFE,0_0_      479546,      800969,多,开,4996.0,1,2022-04-12 21:51:19
358,rb2210,SHFE,0_0_      479546,      801117,多,开,4996.0,1,2022-04-12 21:51:20
359,rb2210,SHFE,0_0_      483395,      804438,空,开,4993.0,1,2022-04-12 21:51:41
360,rb2210,SHFE,0_0_      483395,      804469,空,开,4993.0,1,2022-04-12 21:51:41
361,rb2210,SHFE,0_0_      483395,      804477,空,开,4993.0,1,2022-04-12 21:51:41
362,rb2210,SHFE,0_0_      483395,      804493,空,开,4993.0,1,2022-04-12 21:51:42
363,rb2210,SHFE,0_0_      483708,      805047,多,平今,4993.0,2,2022-04-12 21:51:46
364,rb2210,SHFE,0_0_      485664,      808410,多,平今,4992.0,2,2022-04-12 21:52:06
365,rb2210,SHFE,0_0_      486393,      809122,空,开,4993.0,1,2022-04-12 21:52:09
366,rb2210,SHFE,0_0_      486393,      809124,空,开,4993.0,1,2022-04-12 21:52:09
367,rb2210,SHFE,0_0_      486393,      809127,空,开,4993.0,1,2022-04-12 21:52:09
368,rb2210,SHFE,0_0_      486393,      809128,空,开,4993.0,1,2022-04-12 21:52:09
369,rb2210,SHFE,0_0_      486733,      809841,多,平今,4992.0,4,2022-04-12 21:52:13
370,rb2210,SHFE,0_0_      487467,      810462,空,开,4993.0,1,2022-04-12 21:52:17
371,rb2210,SHFE,0_0_      487467,      810464,空,开,4993.0,1,2022-04-12 21:52:17
372,rb2210,SHFE,0_0_      487467,      810467,空,开,4993.0,1,2022-04-12 21:52:17
373,rb2210,SHFE,0_0_      487467,      810468,空,开,4993.0,1,2022-04-12 21:52:17
374,rb2210,SHFE,0_0_      488234,      811014,多,平今,4992.0,5,2022-04-12 21:52:20
375,rb2210,SHFE,0_0_      488660,      813572,空,开,4993.0,1,2022-04-12 21:52:37
376,rb2210,SHFE,0_0_      488660,      813573,空,开,4993.0,1,2022-04-12 21:52:37
377,rb2210,SHFE,0_0_      488660,      813575,空,开,4993.0,1,2022-04-12 21:52:37
378,rb2210,SHFE,0_0_      488660,      813582,空,开,4993.0,1,2022-04-12 21:52:37
379,rb2210,SHFE,0_0_      494573,      819048,空,平今,4989.0,2,2022-04-12 21:53:06
380,rb2210,SHFE,0_0_      494731,      819483,多,平今,4988.0,3,2022-04-12 21:53:08
381,rb2210,SHFE,0_0_      494963,      819739,空,开,4989.0,2,2022-04-12 21:53:09
382,rb2210,SHFE,0_0_      494963,      819745,空,开,4989.0,1,2022-04-12 21:53:09
383,rb2210,SHFE,0_0_      495069,      819803,多,平今,4988.0,3,2022-04-12 21:53:09
384,rb2210,SHFE,0_0_      495074,      820088,空,开,4989.0,3,2022-04-12 21:53:10
385,rb2210,SHFE,0_0_      495566,      820775,空,开,4989.0,2,2022-04-12 21:53:12
386,rb2210,SHFE,0_0_      495828,      821165,多,开,4990.0,7,2022-04-12 21:53:14
387,rb2210,SHFE,0_0_      495604,      822239,多,平今,4988.0,5,2022-04-12 21:53:22
388,rb2210,SHFE,0_0_      496657,      822242,空,平今,4989.0,1,2022-04-12 21:53:22
389,rb2210,SHFE,0_0_      496657,      822288,空,平今,4989.0,1,2022-04-12 21:53:22
390,rb2210,SHFE,0_0_      496657,      822302,空,平今,4989.0,3,2022-04-12 21:53:22
391,rb2210,SHFE,0_0_      497189,      823864,空,平今,4990.0,2,2022-04-12 21:53:31
392,rb2210,SHFE,0_0_      497262,      825280,空,开,4990.0,4,2022-04-12 21:53:45
393,rb2210,SHFE,0_0_      498888,      826682,多,平今,4989.0,2,2022-04-12 21:54:00
394,rb2210,SHFE,0_0_      498888,      826689,多,平今,4989.0,1,2022-04-12 21:54:00
395,rb2210,SHFE,0_0_      498888,      826690,多,平今,4989.0,1,2022-04-12 21:54:00
396,rb2210,SHFE,0_0_      501374,      828328,多,平今,4990.0,1,2022-04-12 21:54:10
397,rb2210,SHFE,0_0_      501562,      828421,空,开,4991.0,1,2022-04-12 21:54:11
398,rb2210,SHFE,0_0_      503222,      831286,多,平今,4991.0,1,2022-04-12 21:54:36
399,rb2210,SHFE,0_0_      509123,      838242,多,开,4989.0,1,2022-04-12 21:55:21
400,rb2210,SHFE,0_0_      514539,      844040,空,平今,4988.0,1,2022-04-12 21:56:05
401,rb2210,SHFE,0_0_      519017,      849568,空,开,4988.0,4,2022-04-12 21:56:39
402,rb2210,SHFE,0_0_      519628,      849809,多,平今,4987.0,1,2022-04-12 21:56:40
403,rb2210,SHFE,0_0_      519821,      849931,多,平今,4987.000000000001,1,2022-04-12 21:56:41
404,rb2210,SHFE,0_0_      519982,      850159,多,开,4987.0,4,2022-04-12 21:56:42
405,rb2210,SHFE,0_0_      520029,      850427,空,平今,4987.0,1,2022-04-12 21:56:43
406,rb2210,SHFE,0_0_      520882,      851489,空,平今,4988.0,3,2022-04-12 21:56:51
407,rb2210,SHFE,0_0_      521704,      853769,多,平今,4989.000000000001,1,2022-04-12 21:57:03
408,rb2210,SHFE,0_0_      523149,      853814,空,开,4989.0,4,2022-04-12 21:57:04
409,rb2210,SHFE,0_0_      526959,      860003,多,开,4990.0,1,2022-04-12 21:57:33
410,rb2210,SHFE,0_0_      526959,      860019,多,开,4990.0,1,2022-04-12 21:57:33
411,rb2210,SHFE,0_0_      526959,      860129,多,开,4990.0,1,2022-04-12 21:57:33
412,rb2210,SHFE,0_0_      526959,      860186,多,开,4990.0,1,2022-04-12 21:57:34
413,rb2210,SHFE,0_0_      528069,      863840,空,平今,4991.0,4,2022-04-12 21:58:03
414,rb2210,SHFE,0_0_      481929,      868294,空,开,4995.0,2,2022-04-12 21:58:19
415,rb2210,SHFE,0_0_      532760,      868737,多,开,4995.0,7,2022-04-12 21:58:22
416,rb2210,SHFE,0_0_      532451,      870233,多,平今,4994.0,2,2022-04-12 21:58:29
417,rb2210,SHFE,0_0_      533745,      873181,空,平今,4995.0,1,2022-04-12 21:58:51
418,rb2210,SHFE,0_0_      533745,      873235,空,平今,4995.0,1,2022-04-12 21:58:52
419,rb2210,SHFE,0_0_      533745,      873262,空,平今,4995.0,1,2022-04-12 21:58:52
420,rb2210,SHFE,0_0_      533745,      873266,空,平今,4995.0,1,2022-04-12 21:58:52
421,rb2210,SHFE,0_0_      536427,      876873,空,平今,4995.0,4,2022-04-12 21:59:17
422,rb2210,SHFE,0_0_      539282,      876891,多,开,4994.0,1,2022-04-12 21:59:17
423,rb2210,SHFE,0_0_      539282,      876906,多,开,4994.0,3,2022-04-12 21:59:18
424,rb2210,SHFE,0_0_      537429,      879352,多,开,4993.0,2,2022-04-12 21:59:31
425,rb2210,SHFE,0_0_      541084,      879596,空,平今,4994.0,2,2022-04-12 21:59:33
426,rb2210,SHFE,0_0_      541338,      881925,多,开,4993.0,1,2022-04-12 21:59:48
427,rb2210,SHFE,0_0_      543277,      883138,空,平今,4994.0,1,2022-04-12 21:59:52
428,rb2210,SHFE,0_0_      544900,      884945,多,开,4995.0,3,2022-04-12 21:59:58
429,rb2210,SHFE,0_0_      546262,      888990,多,平今,4996.0,4,2022-04-12 22:00:03
430,rb2210,SHFE,0_0_      546395,      889245,空,平今,4997.0,1,2022-04-12 22:00:04
431,rb2210,SHFE,0_0_      546517,      890465,多,开,4997.0,1,2022-04-12 22:00:06
432,rb2210,SHFE,0_0_      548898,      893356,空,平今,4999.0,1,2022-04-12 22:00:18
433,rb2210,SHFE,0_0_      549502,      894556,空,平今,4999.0,1,2022-04-12 22:00:22
434,rb2210,SHFE,0_0_      549502,      894558,空,平今,4999.0,1,2022-04-12 22:00:22
435,rb2210,SHFE,0_0_      549502,      894562,空,平今,4999.0,1,2022-04-12 22:00:22
436,rb2210,SHFE,0_0_      549792,      894926,多,开,5000.0,1,2022-04-12 22:00:23
437,rb2210,SHFE,0_0_      550178,      895921,空,平今,5001.0,3,2022-04-12 22:00:27
438,rb2210,SHFE,0_0_      550299,      896356,多,开,5000.0,3,2022-04-12 22:00:29
439,rb2210,SHFE,0_0_      549571,      898135,多,开,4998.0,3,2022-04-12 22:00:34
440,rb2210,SHFE,0_0_      554989,      903141,空,开,4995.0,1,2022-04-12 22:01:03
441,rb2210,SHFE,0_0_      554989,      903142,空,开,4995.0,6,2022-04-12 22:01:03
442,rb2210,SHFE,0_0_      543490,      903785,多,开,4993.0,1,2022-04-12 22:01:07
443,rb2210,SHFE,0_0_      555465,      903984,空,平今,4994.0,2,2022-04-12 22:01:07
444,rb2210,SHFE,0_0_      530628,      909368,多,平今,4991.0,1,2022-04-12 22:01:45
445,rb2210,SHFE,0_0_      561267,      910066,多,平今,4991.0,1,2022-04-12 22:01:50
446,rb2210,SHFE,0_0_      561267,      910073,多,平今,4991.0,1,2022-04-12 22:01:50
447,rb2210,SHFE,0_0_      561267,      910075,多,平今,4991.0,2,2022-04-12 22:01:50
448,rb2210,SHFE,0_0_      561617,      910706,空,开,4992.0,2,2022-04-12 22:01:55
449,rb2210,SHFE,0_0_      561617,      910732,空,开,4992.0,2,2022-04-12 22:01:56
450,rb2210,SHFE,0_0_      561317,      913288,多,平今,4991.0,1,2022-04-12 22:02:11
451,rb2210,SHFE,0_0_      561317,      913289,多,平今,4991.0,1,2022-04-12 22:02:11
452,rb2210,SHFE,0_0_      567542,      921201,空,开,4987.0,1,2022-04-12 22:02:39
453,rb2210,SHFE,0_0_      572628,      927303,多,平今,4985.0,4,2022-04-12 22:03:18
454,rb2210,SHFE,0_0_      573247,      928200,空,平今,4986.0,1,2022-04-12 22:03:24
455,rb2210,SHFE,0_0_      582498,      937156,多,平今,4988.0,2,2022-04-12 22:04:40
456,rb2210,SHFE,0_0_      582554,      937555,空,平今,4989.0,1,2022-04-12 22:04:46
457,rb2210,SHFE,0_0_      584076,      942696,空,开,4987.0,4,2022-04-12 22:05:25
458,rb2210,SHFE,0_0_      588364,      942790,多,开,4986.0,3,2022-04-12 22:05:26
459,rb2210,SHFE,0_0_      583318,      943792,空,开,4989.0,3,2022-04-12 22:05:35
460,rb2210,SHFE,0_0_      590339,      944065,多,平今,4989.0,4,2022-04-12 22:05:37
461,rb2210,SHFE,0_0_      588720,      946416,多,平今,4986.0,3,2022-04-12 22:05:48
462,rb2210,SHFE,0_0_      592573,      946888,空,平今,4986.0,2,2022-04-12 22:05:51
463,rb2210,SHFE,0_0_      592231,      947037,空,开,4987.0,7,2022-04-12 22:05:52
464,rb2210,SHFE,0_0_      593194,      948545,多,平今,4984.0,4,2022-04-12 22:06:00
465,rb2210,SHFE,0_0_      593801,      948632,空,开,4984.0,5,2022-04-12 22:06:00
466,rb2210,SHFE,0_0_      594965,      950295,多,平今,4986.0,4,2022-04-12 22:06:12
467,rb2210,SHFE,0_0_      591658,      950978,空,平今,4988.0,1,2022-04-12 22:06:18
468,rb2210,SHFE,0_0_      597241,      952097,多,开,4988.0,2,2022-04-12 22:06:25
469,rb2210,SHFE,0_0_      605505,      960853,空,平今,4988.0,1,2022-04-12 22:07:47
470,rb2210,SHFE,0_0_      606997,      964681,多,开,4989.0,1,2022-04-12 22:08:08
471,rb2210,SHFE,0_0_      622416,      976947,多,开,4990.0,2,2022-04-12 22:09:57
472,rb2210,SHFE,0_0_      622698,      977138,空,平今,4989.0,6,2022-04-12 22:09:59
473,rb2210,SHFE,0_0_      622937,      977444,多,开,4990.0,6,2022-04-12 22:10:01
474,rb2210,SHFE,0_0_      563665,      978859,空,平今,4992.0,1,2022-04-12 22:10:10
475,rb2210,SHFE,0_0_      563665,      979332,空,平今,4992.0,1,2022-04-12 22:10:14
476,rb2210,SHFE,0_0_      625401,      979349,多,开,4991.0,1,2022-04-12 22:10:15
477,rb2210,SHFE,0_0_      625425,      979546,多,开,4991.0,1,2022-04-12 22:10:16
478,rb2210,SHFE,0_0_      628435,      983056,空,平今,4992.0,1,2022-04-12 22:10:41
479,rb2210,SHFE,0_0_      628435,      983058,空,平今,4992.0,1,2022-04-12 22:10:41
480,rb2210,SHFE,0_0_      628435,      983099,空,平今,4992.0,1,2022-04-12 22:10:41
481,rb2210,SHFE,0_0_      628435,      983103,空,平今,4992.0,1,2022-04-12 22:10:41
482,rb2210,SHFE,0_0_      631487,      985909,多,开,4992.0,1,2022-04-12 22:11:05
483,rb2210,SHFE,0_0_      631571,      986970,多,开,4992.0,2,2022-04-12 22:11:14
484,rb2210,SHFE,0_0_      632844,      987732,空,平今,4993.0,1,2022-04-12 22:11:15
485,rb2210,SHFE,0_0_      632844,      987738,空,平今,4993.0,1,2022-04-12 22:11:15
486,rb2210,SHFE,0_0_      632844,      987827,空,平今,4993.0,1,2022-04-12 22:11:15
487,rb2210,SHFE,0_0_      632844,      987842,空,平今,4993.0,1,2022-04-12 22:11:15
488,rb2210,SHFE,0_0_      633085,      988470,空,平今,4991.0,1,2022-04-12 22:11:18
489,rb2210,SHFE,0_0_      635062,      990170,多,开,4991.0,1,2022-04-12 22:11:33
490,rb2210,SHFE,0_0_      663454,     1013947,多,开,4988.0,3,2022-04-12 22:15:21
491,rb2210,SHFE,0_0_      667250,     1024497,多,开,4986.0,1,2022-04-12 22:16:57
492,rb2210,SHFE,0_0_      692039,     1046823,空,平今,4988.0,4,2022-04-12 22:19:19
493,rb2210,SHFE,0_0_      692242,     1047066,多,开,4987.0,1,2022-04-12 22:19:20
494,rb2210,SHFE,0_0_      692242,     1047069,多,开,4987.0,1,2022-04-12 22:19:20
495,rb2210,SHFE,0_0_      692242,     1047085,多,开,4987.0,2,2022-04-12 22:19:20
496,rb2210,SHFE,0_0_      692541,     1050654,空,平今,4988.0,4,2022-04-12 22:19:56
497,rb2210,SHFE,0_0_      695495,     1050763,多,开,4987.0,4,2022-04-12 22:19:58
498,rb2210,SHFE,0_0_      695784,     1051574,空,平今,4988.0,4,2022-04-12 22:20:03
499,rb2210,SHFE,0_0_      696406,     1051804,多,开,4987.0,1,2022-04-12 22:20:05
500,rb2210,SHFE,0_0_      696547,     1053004,空,平今,4988.0,4,2022-04-12 22:20:17
501,rb2210,SHFE,0_0_      704481,     1061612,多,开,4988.0,4,2022-04-12 22:21:13
502,rb2210,SHFE,0_0_      704481,     1061668,多,开,4988.0,4,2022-04-12 22:21:13
503,rb2210,SHFE,0_0_      705315,     1063957,空,平今,4987.0,4,2022-04-12 22:21:32
504,rb2210,SHFE,0_0_      706823,     1064651,多,开,4986.0,1,2022-04-12 22:21:41
505,rb2210,SHFE,0_0_      706823,     1064707,多,开,4986.0,1,2022-04-12 22:21:41
506,rb2210,SHFE,0_0_      706823,     1064711,多,开,4986.0,2,2022-04-12 22:21:41
507,rb2210,SHFE,0_0_      707566,     1065052,空,平今,4987.0,1,2022-04-12 22:21:44
508,rb2210,SHFE,0_0_      707566,     1065065,空,平今,4987.0,1,2022-04-12 22:21:45
509,rb2210,SHFE,0_0_      707566,     1065086,空,平今,4987.0,1,2022-04-12 22:21:45
510,rb2210,SHFE,0_0_      707566,     1065087,空,平今,4987.0,1,2022-04-12 22:21:45
511,rb2210,SHFE,0_0_      709021,     1067049,多,开,4986.0,4,2022-04-12 22:22:03
512,rb2210,SHFE,0_0_      709716,     1067993,空,平今,4986.0,3,2022-04-12 22:22:11
513,rb2210,SHFE,0_0_      594273,     1069329,多,平今,4984.0,2,2022-04-12 22:22:20
514,rb2210,SHFE,0_0_      594273,     1069332,多,平今,4984.0,2,2022-04-12 22:22:20
515,rb2210,SHFE,0_0_      712603,     1070161,空,平今,4983.0,1,2022-04-12 22:22:23
516,rb2210,SHFE,0_0_      712603,     1070162,空,平今,4983.0,1,2022-04-12 22:22:23
517,rb2210,SHFE,0_0_      712603,     1070163,空,平今,4983.0,1,2022-04-12 22:22:23
518,rb2210,SHFE,0_0_      712603,     1070164,空,平今,4983.0,1,2022-04-12 22:22:23
519,rb2210,SHFE,0_0_      712603,     1070165,空,平今,4983.0,1,2022-04-12 22:22:23
520,rb2210,SHFE,0_0_      713371,     1071426,多,开,4982.0,2,2022-04-12 22:22:27
521,rb2210,SHFE,0_0_      713540,     1071823,多,开,4982.0,1,2022-04-12 22:22:29
522,rb2210,SHFE,0_0_      713823,     1071967,多,开,4982.0,4,2022-04-12 22:22:29
523,rb2210,SHFE,0_0_      713910,     1072181,多,开,4982.000000000001,1,2022-04-12 22:22:30
524,rb2210,SHFE,0_0_      715928,     1094461,空,平今,4980.0,5,2022-04-12 22:25:03
525,rb2210,SHFE,0_0_      730053,     1095176,多,开,4980.000000000001,1,2022-04-12 22:25:08
526,rb2210,SHFE,0_0_      729945,     1096338,多,开,4979.0,4,2022-04-12 22:25:18
527,rb2210,SHFE,0_0_      732296,     1096887,空,平今,4980.000000000001,3,2022-04-12 22:25:24
528,rb2210,SHFE,0_0_      733952,     1098547,空,平今,4981.0,1,2022-04-12 22:25:40
529,rb2210,SHFE,0_0_      734273,     1098610,多,开,4980.0,1,2022-04-12 22:25:40
530,rb2210,SHFE,0_0_      734849,     1099090,空,平今,4981.0,2,2022-04-12 22:25:47
531,rb2210,SHFE,0_0_      714625,     1100665,空,平今,4983.0,3,2022-04-12 22:26:06
532,rb2210,SHFE,0_0_      736736,     1100788,多,开,4982.0,3,2022-04-12 22:26:07
533,rb2210,SHFE,0_0_      734951,     1100837,多,开,4980.0,2,2022-04-12 22:26:07
534,rb2210,SHFE,0_0_      736822,     1100851,空,平今,4981.0,1,2022-04-12 22:26:07
535,rb2210,SHFE,0_0_      736822,     1100859,空,平今,4981.0,1,2022-04-12 22:26:08
536,rb2210,SHFE,0_0_      736821,     1100949,空,平今,4983.0,1,2022-04-12 22:26:08
537,rb2210,SHFE,0_0_      736821,     1100971,空,平今,4983.0,1,2022-04-12 22:26:08
538,rb2210,SHFE,0_0_      736821,     1100990,空,平今,4983.0,1,2022-04-12 22:26:08
539,rb2210,SHFE,0_0_      736888,     1100998,多,开,4982.0,2,2022-04-12 22:26:08
540,rb2210,SHFE,0_0_      736891,     1101032,空,平今,4983.0,2,2022-04-12 22:26:09
541,rb2210,SHFE,0_0_      736897,     1101421,多,开,4982.0,2,2022-04-12 22:26:13
542,rb2210,SHFE,0_0_      732368,     1103389,多,开,4979.0,3,2022-04-12 22:26:38
543,rb2210,SHFE,0_0_      739340,     1104323,空,平今,4980.0,3,2022-04-12 22:26:47
544,rb2210,SHFE,0_0_      740405,     1104693,多,开,4979.0,6,2022-04-12 22:26:53
545,rb2210,SHFE,0_0_      741172,     1104971,空,平今,4979.0,2,2022-04-12 22:26:58
546,rb2210,SHFE,0_0_      742602,     1105954,多,开,4978.0,1,2022-04-12 22:27:11
547,rb2210,SHFE,0_0_      742628,     1106639,空,平今,4979.0,1,2022-04-12 22:27:19
548,rb2210,SHFE,0_0_      740813,     1107439,空,平今,4980.0,6,2022-04-12 22:27:27
549,rb2210,SHFE,0_0_      744145,     1107893,多,开,4979.0,6,2022-04-12 22:27:33
550,rb2210,SHFE,0_0_      749504,     1112280,多,开,4978.0,1,2022-04-12 22:28:14
551,rb2210,SHFE,0_0_      753530,     1116842,多,开,4977.0,1,2022-04-12 22:29:04
552,rb2210,SHFE,0_0_      749509,     1126576,空,平今,4979.0,1,2022-04-12 22:30:01
553,rb2210,SHFE,0_0_      762041,     1126643,多,开,4978.0,1,2022-04-12 22:30:01
554,rb2210,SHFE,0_0_      762067,     1126698,空,平今,4979.0,1,2022-04-12 22:30:02
555,rb2210,SHFE,0_0_      744612,     1126841,空,平今,4980.0,2,2022-04-12 22:30:02
556,rb2210,SHFE,0_0_      744612,     1126851,空,平今,4980.0,2,2022-04-12 22:30:02
557,rb2210,SHFE,0_0_      744612,     1126852,空,平今,4980.0,2,2022-04-12 22:30:02
558,rb2210,SHFE,0_0_      764136,     1129097,多,开,4982.0,1,2022-04-12 22:30:19
559,rb2210,SHFE,0_0_      764136,     1129098,多,开,4982.0,1,2022-04-12 22:30:19
560,rb2210,SHFE,0_0_      772032,     1138241,空,平今,4988.0,2,2022-04-12 22:31:17
561,rb2210,SHFE,0_0_      773457,     1139840,多,开,4989.0,1,2022-04-12 22:31:25
562,rb2210,SHFE,0_0_      773658,     1140424,多,开,4989.0,4,2022-04-12 22:31:28
563,rb2210,SHFE,0_0_      774506,     1141888,空,平今,4988.0,1,2022-04-12 22:31:34
564,rb2210,SHFE,0_0_      775026,     1142198,多,开,4987.0,1,2022-04-12 22:31:36
565,rb2210,SHFE,0_0_      769424,     1145978,多,开,4985.0,1,2022-04-12 22:32:06
566,rb2210,SHFE,0_0_      796355,     1168244,空,平今,4988.0,2,2022-04-12 22:35:18
567,rb2210,SHFE,0_0_      798921,     1169347,多,开,4988.0,1,2022-04-12 22:35:25
568,rb2210,SHFE,0_0_      802262,     1174513,空,开,4992.0,1,2022-04-12 22:35:52
569,rb2210,SHFE,0_0_      802262,     1174524,空,开,4992.0,1,2022-04-12 22:35:52
570,rb2210,SHFE,0_0_      802262,     1174528,空,开,4992.0,1,2022-04-12 22:35:52
571,rb2210,SHFE,0_0_      802262,     1174529,空,开,4992.0,1,2022-04-12 22:35:52
572,rb2210,SHFE,0_0_      802262,     1174536,空,开,4992.0,1,2022-04-12 22:35:52
573,rb2210,SHFE,0_0_      802262,     1174564,空,开,4992.0,1,2022-04-12 22:35:52
574,rb2210,SHFE,0_0_      802262,     1174572,空,开,4992.0,1,2022-04-12 22:35:52
575,rb2210,SHFE,0_0_      802947,     1174877,多,平今,4992.0,4,2022-04-12 22:35:53
576,rb2210,SHFE,0_0_      803782,     1177958,空,平今,4992.0,4,2022-04-12 22:36:09
577,rb2210,SHFE,0_0_      804861,     1177989,多,开,4991.0,1,2022-04-12 22:36:09
578,rb2210,SHFE,0_0_      804861,     1177990,多,开,4991.0,3,2022-04-12 22:36:09
579,rb2210,SHFE,0_0_      812704,     1187027,空,平今,4991.0,2,2022-04-12 22:37:23
580,rb2210,SHFE,0_0_      813162,     1188737,多,平今,4990.0,2,2022-04-12 22:37:41
581,rb2210,SHFE,0_0_      814671,     1188842,空,平今,4991.0,2,2022-04-12 22:37:42
582,rb2210,SHFE,0_0_      814735,     1189128,多,开,4990.0,2,2022-04-12 22:37:48
583,rb2210,SHFE,0_0_      823146,     1199319,多,开,4993.0,3,2022-04-12 22:38:58
584,rb2210,SHFE,0_0_      827924,     1204928,空,平今,4992.0,1,2022-04-12 22:39:36
585,rb2210,SHFE,0_0_      836637,     1213452,空,平今,4995.0,1,2022-04-12 22:40:57
586,rb2210,SHFE,0_0_      837415,     1214705,多,开,4994.0,2,2022-04-12 22:41:05
587,rb2210,SHFE,0_0_      842318,     1219811,空,平今,4993.0,2,2022-04-12 22:41:54
588,rb2210,SHFE,0_0_      842318,     1219852,空,平今,4993.0,1,2022-04-12 22:41:55
589,rb2210,SHFE,0_0_      842318,     1219895,空,平今,4993.0,1,2022-04-12 22:41:55
590,rb2210,SHFE,0_0_      844784,     1222824,空,开,4993.0,1,2022-04-12 22:42:23
591,rb2210,SHFE,0_0_      844784,     1222871,空,开,4993.0,1,2022-04-12 22:42:24
592,rb2210,SHFE,0_0_      844784,     1222875,空,开,4993.0,1,2022-04-12 22:42:24
593,rb2210,SHFE,0_0_      844784,     1222884,空,开,4993.0,1,2022-04-12 22:42:24
594,rb2210,SHFE,0_0_      848144,     1223246,多,平今,4992.0,1,2022-04-12 22:42:28
595,rb2210,SHFE,0_0_      852793,     1227677,空,开,4991.0,2,2022-04-12 22:43:10
596,rb2210,SHFE,0_0_      859903,     1236057,多,平今,4991.0,1,2022-04-12 22:44:11
597,rb2210,SHFE,0_0_      859903,     1236058,多,平今,4991.0,2,2022-04-12 22:44:11
598,rb2210,SHFE,0_0_      859903,     1236060,多,平今,4991.0,1,2022-04-12 22:44:11
599,rb2210,SHFE,0_0_      865697,     1244929,空,开,4990.0,1,2022-04-12 22:44:56
600,rb2210,SHFE,0_0_      865697,     1244933,空,开,4990.0,1,2022-04-12 22:44:56
601,rb2210,SHFE,0_0_      865697,     1244939,空,开,4990.0,1,2022-04-12 22:44:56
602,rb2210,SHFE,0_0_      865697,     1244946,空,开,4990.0,1,2022-04-12 22:44:56
603,rb2210,SHFE,0_0_      868825,     1249009,多,平今,4991.0,1,2022-04-12 22:45:13
604,rb2210,SHFE,0_0_      868825,     1249025,多,平今,4991.0,1,2022-04-12 22:45:14
605,rb2210,SHFE,0_0_      868825,     1249026,多,平今,4991.0,1,2022-04-12 22:45:14
606,rb2210,SHFE,0_0_      868825,     1249049,多,平今,4991.0,2,2022-04-12 22:45:14
607,rb2210,SHFE,0_0_      868825,     1249058,多,平今,4991.0,1,2022-04-12 22:45:14
608,rb2210,SHFE,0_0_      838247,     1255017,空,平今,4995.0,2,2022-04-12 22:45:50
609,rb2210,SHFE,0_0_      873070,     1255372,多,开,4994.0,2,2022-04-12 22:45:52
610,rb2210,SHFE,0_0_      873070,     1255398,多,开,4994.0,1,2022-04-12 22:45:52
611,rb2210,SHFE,0_0_      873070,     1255407,多,开,4994.0,2,2022-04-12 22:45:52
612,rb2210,SHFE,0_0_      874747,     1257018,空,平今,4993.000000000001,2,2022-04-12 22:46:06
613,rb2210,SHFE,0_0_      877901,     1261907,空,开,5000.0,1,2022-04-12 22:46:33
614,rb2210,SHFE,0_0_      877901,     1261908,空,开,5000.0,3,2022-04-12 22:46:33
615,rb2210,SHFE,0_0_      877901,     1261941,空,开,5000.0,1,2022-04-12 22:46:33
616,rb2210,SHFE,0_0_      879540,     1266264,空,平今,5007.0,1,2022-04-12 22:46:50
617,rb2210,SHFE,0_0_      879687,     1266327,多,平今,5006.0,1,2022-04-12 22:46:50
618,rb2210,SHFE,0_0_      879696,     1266652,空,平今,5007.0,1,2022-04-12 22:46:53
619,rb2210,SHFE,0_0_      879968,     1266711,多,平今,5006.000000000001,1,2022-04-12 22:46:53
620,rb2210,SHFE,0_0_      879980,     1266929,空,平今,5007.0,1,2022-04-12 22:46:54
621,rb2210,SHFE,0_0_      881791,     1270774,空,开,5011.0,2,2022-04-12 22:47:07
622,rb2210,SHFE,0_0_      881862,     1271806,多,平今,5010.0,2,2022-04-12 22:47:11
623,rb2210,SHFE,0_0_      882296,     1273434,空,开,5011.0,2,2022-04-12 22:47:17
624,rb2210,SHFE,0_0_      883187,     1273450,多,平今,5010.0,1,2022-04-12 22:47:17
625,rb2210,SHFE,0_0_      883187,     1273457,多,平今,5010.0,1,2022-04-12 22:47:17
626,rb2210,SHFE,0_0_      883188,     1274438,空,平今,5011.000000000001,1,2022-04-12 22:47:23
627,rb2210,SHFE,0_0_      883636,     1274533,多,开,5010.0,1,2022-04-12 22:47:23
628,rb2210,SHFE,0_0_      883645,     1276727,空,平今,5011.0,1,2022-04-12 22:47:34
629,rb2210,SHFE,0_0_      884800,     1276835,多,开,5010.0,1,2022-04-12 22:47:34
630,rb2210,SHFE,0_0_      885895,     1278653,多,开,5008.0,5,2022-04-12 22:47:46
631,rb2210,SHFE,0_0_      886307,     1278918,空,平今,5008.0,1,2022-04-12 22:47:47
632,rb2210,SHFE,0_0_      886802,     1279299,空,平今,5008.0,2,2022-04-12 22:47:49
633,rb2210,SHFE,0_0_      880119,     1280665,多,平今,5006.0,1,2022-04-12 22:47:58
634,rb2210,SHFE,0_0_      880119,     1280666,多,平今,5006.0,1,2022-04-12 22:47:58
635,rb2210,SHFE,0_0_      887920,     1280768,空,平今,5007.0,2,2022-04-12 22:47:59
636,rb2210,SHFE,0_0_      888015,     1280960,多,开,5006.0,2,2022-04-12 22:48:00
637,rb2210,SHFE,0_0_      891476,     1286414,多,开,5009.0,1,2022-04-12 22:48:22
638,rb2210,SHFE,0_0_      891544,     1286949,空,平今,5009.0,1,2022-04-12 22:48:25
639,rb2210,SHFE,0_0_      892474,     1287700,空,平今,5009.0,1,2022-04-12 22:48:31
640,rb2210,SHFE,0_0_      892474,     1287708,空,平今,5009.0,1,2022-04-12 22:48:32
641,rb2210,SHFE,0_0_      902982,     1301106,空,平今,5012.0,1,2022-04-12 22:49:52
642,rb2210,SHFE,0_0_      901035,     1307509,空,开,5014.0,4,2022-04-12 22:50:28
643,rb2210,SHFE,0_0_      908172,     1307713,多,平今,5013.0,5,2022-04-12 22:50:29
644,rb2210,SHFE,0_0_      909832,     1309760,多,开,5012.0,1,2022-04-12 22:50:47
645,rb2210,SHFE,0_0_      910588,     1310417,多,开,5012.0,2,2022-04-12 22:50:51
646,rb2210,SHFE,0_0_      913714,     1315967,多,开,5010.0,1,2022-04-12 22:51:19
647,rb2210,SHFE,0_0_      913714,     1315970,多,开,5010.0,1,2022-04-12 22:51:19
648,rb2210,SHFE,0_0_      913714,     1315978,多,开,5010.0,1,2022-04-12 22:51:19
649,rb2210,SHFE,0_0_      913714,     1316037,多,开,5010.0,1,2022-04-12 22:51:20
650,rb2210,SHFE,0_0_      925207,     1326518,空,开,5006.0,1,2022-04-12 22:52:30
651,rb2210,SHFE,0_0_      925207,     1326520,空,开,5006.0,1,2022-04-12 22:52:30
652,rb2210,SHFE,0_0_      925207,     1326522,空,开,5006.0,1,2022-04-12 22:52:30
653,rb2210,SHFE,0_0_      925109,     1326614,空,平今,5007.0,1,2022-04-12 22:52:31
654,rb2210,SHFE,0_0_      928780,     1330015,多,平今,5007.0,2,2022-04-12 22:52:56
655,rb2210,SHFE,0_0_      932301,     1334479,空,开,5005.0,1,2022-04-12 22:53:28
656,rb2210,SHFE,0_0_      932301,     1334493,空,开,5005.0,1,2022-04-12 22:53:28
657,rb2210,SHFE,0_0_      933926,     1341339,多,平今,5005.0,3,2022-04-12 22:54:14
658,rb2210,SHFE,0_0_      939420,     1344766,空,开,5006.0,4,2022-04-12 22:54:35
659,rb2210,SHFE,0_0_      941056,     1345339,多,平今,5005.0,3,2022-04-12 22:54:36
660,rb2210,SHFE,0_0_      941358,     1345399,空,开,5006.0,3,2022-04-12 22:54:37
661,rb2210,SHFE,0_0_      923955,     1354108,空,平今,5009.0,4,2022-04-12 22:55:17
662,rb2210,SHFE,0_0_      948303,     1356244,多,平今,5008.0,1,2022-04-12 22:55:31
663,rb2210,SHFE,0_0_      948555,     1366791,空,开,5009.0,2,2022-04-12 22:56:44
664,rb2210,SHFE,0_0_      958056,     1366999,多,平今,5008.0,2,2022-04-12 22:56:45
665,rb2210,SHFE,0_0_      914508,     1369790,空,平今,5011.0,1,2022-04-12 22:57:00
666,rb2210,SHFE,0_0_      962099,     1372697,空,平今,5014.0,1,2022-04-12 22:57:15
667,rb2210,SHFE,0_0_      962582,     1372837,多,开,5013.0,4,2022-04-12 22:57:16
668,rb2210,SHFE,0_0_      962718,     1373127,多,平今,5014.0,2,2022-04-12 22:57:17
669,rb2210,SHFE,0_0_      962718,     1373138,多,平今,5014.0,1,2022-04-12 22:57:18
670,rb2210,SHFE,0_0_      962812,     1373184,空,开,5014.0,2,2022-04-12 22:57:18
671,rb2210,SHFE,0_0_      962812,     1373185,空,开,5014.0,3,2022-04-12 22:57:18
672,rb2210,SHFE,0_0_      962849,     1373239,空,平今,5014.0,1,2022-04-12 22:57:19
673,rb2210,SHFE,0_0_      962889,     1373298,空,平今,5014.0,2,2022-04-12 22:57:19
674,rb2210,SHFE,0_0_      964492,     1375593,多,开,5015.0,1,2022-04-12 22:57:30
675,rb2210,SHFE,0_0_      964492,     1375594,多,开,5015.0,1,2022-04-12 22:57:30
676,rb2210,SHFE,0_0_      964492,     1375596,多,开,5015.0,1,2022-04-12 22:57:30
677,rb2210,SHFE,0_0_      964795,     1376016,多,平今,5016.0,1,2022-04-12 22:57:31
678,rb2210,SHFE,0_0_      966276,     1380029,空,平今,5017.0,2,2022-04-12 22:57:49
679,rb2210,SHFE,0_0_      967063,     1380279,空,平今,5017.0,1,2022-04-12 22:57:50
680,rb2210,SHFE,0_0_      967322,     1381759,多,开,5017.0,1,2022-04-12 22:57:57
681,rb2210,SHFE,0_0_      967322,     1381760,多,开,5017.0,1,2022-04-12 22:57:57
682,rb2210,SHFE,0_0_      968891,     1383590,空,平今,5017.0,3,2022-04-12 22:58:03
683,rb2210,SHFE,0_0_      968015,     1384409,空,开,5018.0,4,2022-04-12 22:58:06
684,rb2210,SHFE,0_0_      969582,     1384479,多,平今,5017.0,1,2022-04-12 22:58:06
685,rb2210,SHFE,0_0_      969582,     1384484,多,平今,5017.0,4,2022-04-12 22:58:06
686,rb2210,SHFE,0_0_      969627,     1384543,多,开,5017.0,2,2022-04-12 22:58:07
687,rb2210,SHFE,0_0_      969606,     1384753,空,开,5018.0,5,2022-04-12 22:58:07
688,rb2210,SHFE,0_0_      971498,     1389579,多,开,5019.0,1,2022-04-12 22:58:31
689,rb2210,SHFE,0_0_      969768,     1393518,多,平今,5017.0,5,2022-04-12 22:58:45
690,rb2210,SHFE,0_0_      974425,     1393801,空,平今,5018.0,1,2022-04-12 22:58:47
691,rb2210,SHFE,0_0_      974691,     1394620,空,平今,5018.0,2,2022-04-12 22:58:52
692,rb2210,SHFE,0_0_     1280380,     1687041,多,开,4963.0,4,2022-04-13 09:00:18
693,rb2210,SHFE,0_0_     1280680,     1688040,空,开,4965.0,5,2022-04-13 09:00:20
694,rb2210,SHFE,0_0_     1280708,     1688404,空,平今,4964.0,1,2022-04-13 09:00:20
695,rb2210,SHFE,0_0_     1280708,     1688405,空,平今,4964.0,1,2022-04-13 09:00:20
696,rb2210,SHFE,0_0_     1280708,     1688436,空,平今,4964.0,2,2022-04-13 09:00:20
697,rb2210,SHFE,0_0_     1280743,     1688438,多,开,4963.0,4,2022-04-13 09:00:20
698,rb2210,SHFE,0_0_     1280722,     1688462,多,平今,4962.0,6,2022-04-13 09:00:20
699,rb2210,SHFE,0_0_     1280745,     1688545,多,开,4963.0,4,2022-04-13 09:00:20
700,rb2210,SHFE,0_0_     1281004,     1691612,空,平今,4965.0,2,2022-04-13 09:00:26
701,rb2210,SHFE,0_0_     1281114,     1693721,空,平今,4966.000000000001,4,2022-04-13 09:00:29
702,rb2210,SHFE,0_0_     1281255,     1694613,空,开,4965.0,4,2022-04-13 09:00:31
703,rb2210,SHFE,0_0_     1281486,     1697217,空,平今,4971.0,1,2022-04-13 09:00:36
704,rb2210,SHFE,0_0_     1281486,     1697218,空,平今,4971.0,1,2022-04-13 09:00:36
705,rb2210,SHFE,0_0_     1282219,     1703996,多,平今,4971.0,6,2022-04-13 09:00:52
706,rb2210,SHFE,0_0_     1282336,     1704739,空,开,4970.0,4,2022-04-13 09:00:54
707,rb2210,SHFE,0_0_     1282428,     1707420,多,开,4971.0,8,2022-04-13 09:01:00
708,rb2210,SHFE,0_0_     1283975,     1729222,空,平今,4975.0,3,2022-04-13 09:01:35
709,rb2210,SHFE,0_0_     1285445,     1740270,空,平今,4982.0,4,2022-04-13 09:02:01
710,rb2210,SHFE,0_0_     1285676,     1742577,空,开,4982.000000000001,2,2022-04-13 09:02:05
711,rb2210,SHFE,0_0_     1285680,     1745681,多,平今,4981.000000000001,2,2022-04-13 09:02:11
712,rb2210,SHFE,0_0_     1286091,     1746202,空,开,4980.0,1,2022-04-13 09:02:12
713,rb2210,SHFE,0_0_     1286091,     1746203,空,开,4980.0,1,2022-04-13 09:02:12
714,rb2210,SHFE,0_0_     1286345,     1748842,多,平今,4980.0,3,2022-04-13 09:02:17
715,rb2210,SHFE,0_0_     1286388,     1749309,空,开,4981.0,3,2022-04-13 09:02:18
716,rb2210,SHFE,0_0_     1286440,     1749343,多,平今,4980.0,1,2022-04-13 09:02:18
717,rb2210,SHFE,0_0_     1286440,     1749344,多,平今,4980.0,2,2022-04-13 09:02:18
718,rb2210,SHFE,0_0_     1286441,     1749354,空,开,4981.0,1,2022-04-13 09:02:18
719,rb2210,SHFE,0_0_     1286441,     1749382,空,开,4981.0,1,2022-04-13 09:02:18
720,rb2210,SHFE,0_0_     1286441,     1749451,空,开,4981.0,1,2022-04-13 09:02:19
721,rb2210,SHFE,0_0_     1286458,     1749777,多,开,4980.0,2,2022-04-13 09:02:20
722,rb2210,SHFE,0_0_     1286458,     1749787,多,开,4980.0,1,2022-04-13 09:02:20
723,rb2210,SHFE,0_0_     1286458,     1749805,多,开,4980.0,2,2022-04-13 09:02:20
724,rb2210,SHFE,0_0_     1286553,     1750307,空,平今,4981.0,4,2022-04-13 09:02:21
725,rb2210,SHFE,0_0_     1286554,     1750324,多,开,4980.0,4,2022-04-13 09:02:21
726,rb2210,SHFE,0_0_     1286555,     1750551,空,平今,4981.0,1,2022-04-13 09:02:21
727,rb2210,SHFE,0_0_     1286555,     1750553,空,平今,4981.0,1,2022-04-13 09:02:21
728,rb2210,SHFE,0_0_     1286555,     1750564,空,平今,4981.0,2,2022-04-13 09:02:21
729,rb2210,SHFE,0_0_     1286568,     1750863,多,开,4980.0,4,2022-04-13 09:02:22
730,rb2210,SHFE,0_0_     1287394,     1756529,空,平今,4980.0,1,2022-04-13 09:02:40
731,rb2210,SHFE,0_0_     1286635,     1756634,空,平今,4981.0,4,2022-04-13 09:02:41
732,rb2210,SHFE,0_0_     1289349,     1767677,多,平今,4988.0,4,2022-04-13 09:03:11
733,rb2210,SHFE,0_0_     1289410,     1767744,空,开,4989.0,2,2022-04-13 09:03:12
734,rb2210,SHFE,0_0_     1289410,     1767763,空,开,4989.0,2,2022-04-13 09:03:12
735,rb2210,SHFE,0_0_     1289425,     1768540,多,平今,4988.0,4,2022-04-13 09:03:13
736,rb2210,SHFE,0_0_     1290482,     1772455,多,开,4993.0,7,2022-04-13 09:03:24
737,rb2210,SHFE,0_0_     1290534,     1772778,空,平今,4994.0,4,2022-04-13 09:03:25
738,rb2210,SHFE,0_0_     1291536,     1778025,多,开,4988.0,3,2022-04-13 09:03:40
739,rb2210,SHFE,0_0_     1291879,     1779719,空,平今,4990.0,1,2022-04-13 09:03:46
740,rb2210,SHFE,0_0_     1291879,     1779720,空,平今,4990.0,1,2022-04-13 09:03:46
741,rb2210,SHFE,0_0_     1291879,     1779721,空,平今,4990.0,1,2022-04-13 09:03:46
742,rb2210,SHFE,0_0_     1292531,     1781651,空,平今,4990.0,2,2022-04-13 09:03:54
743,rb2210,SHFE,0_0_     1292628,     1782835,空,开,4988.0,6,2022-04-13 09:03:59
744,rb2210,SHFE,0_0_     1293298,     1784893,多,平今,4985.0,1,2022-04-13 09:04:06
745,rb2210,SHFE,0_0_     1293436,     1785226,空,开,4986.0,1,2022-04-13 09:04:07
746,rb2210,SHFE,0_0_     1293490,     1785493,多,平今,4985.0,1,2022-04-13 09:04:09
747,rb2210,SHFE,0_0_     1293881,     1786471,多,平今,4983.0,1,2022-04-13 09:04:12
748,rb2210,SHFE,0_0_     1293881,     1786486,多,平今,4983.0,1,2022-04-13 09:04:12
749,rb2210,SHFE,0_0_     1293881,     1786487,多,平今,4983.0,1,2022-04-13 09:04:12
750,rb2210,SHFE,0_0_     1293881,     1786499,多,平今,4983.0,2,2022-04-13 09:04:12
751,rb2210,SHFE,0_0_     1294062,     1787062,空,平今,4984.0,2,2022-04-13 09:04:15
752,rb2210,SHFE,0_0_     1294741,     1790156,空,开,4980.0,1,2022-04-13 09:04:26
753,rb2210,SHFE,0_0_     1295142,     1792424,空,开,4982.0,3,2022-04-13 09:04:35
754,rb2210,SHFE,0_0_     1295719,     1793805,多,平今,4980.0,2,2022-04-13 09:04:42
755,rb2210,SHFE,0_0_     1295829,     1793811,空,开,4981.0,2,2022-04-13 09:04:42
756,rb2210,SHFE,0_0_     1295830,     1793928,多,平今,4980.0,2,2022-04-13 09:04:43
757,rb2210,SHFE,0_0_     1294764,     1794860,多,开,4979.0,4,2022-04-13 09:04:46
758,rb2210,SHFE,0_0_     1296028,     1795280,空,开,4979.0,3,2022-04-13 09:04:47
759,rb2210,SHFE,0_0_     1296015,     1795464,多,平今,4978.0,4,2022-04-13 09:04:47
760,rb2210,SHFE,0_0_     1296182,     1796024,空,开,4976.0,1,2022-04-13 09:04:49
761,rb2210,SHFE,0_0_     1296182,     1796025,空,开,4976.0,1,2022-04-13 09:04:49
762,rb2210,SHFE,0_0_     1296182,     1796026,空,开,4976.0,2,2022-04-13 09:04:49
763,rb2210,SHFE,0_0_     1296210,     1796544,多,平今,4975.0,3,2022-04-13 09:04:50
764,rb2210,SHFE,0_0_     1296273,     1797104,多,平今,4974.0,1,2022-04-13 09:04:52
765,rb2210,SHFE,0_0_     1296407,     1797730,多,开,4973.0,4,2022-04-13 09:04:54
766,rb2210,SHFE,0_0_     1296513,     1797828,多,平今,4974.0,3,2022-04-13 09:04:54
767,rb2210,SHFE,0_0_     1297937,     1803314,空,平今,4976.0,3,2022-04-13 09:05:07
768,rb2210,SHFE,0_0_     1298113,     1806753,空,开,4975.0,4,2022-04-13 09:05:16
769,rb2210,SHFE,0_0_     1298867,     1806855,多,平今,4974.0,4,2022-04-13 09:05:16
770,rb2210,SHFE,0_0_     1300404,     1811879,多,开,4973.0,1,2022-04-13 09:05:34
771,rb2210,SHFE,0_0_     1300404,     1811899,多,开,4973.0,1,2022-04-13 09:05:34
772,rb2210,SHFE,0_0_     1300404,     1811904,多,开,4973.0,1,2022-04-13 09:05:34
773,rb2210,SHFE,0_0_     1300511,     1812119,空,平今,4973.0,4,2022-04-13 09:05:34
774,rb2210,SHFE,0_0_     1300555,     1812256,多,开,4972.0,1,2022-04-13 09:05:35
775,rb2210,SHFE,0_0_     1301129,     1814080,空,平今,4971.0,1,2022-04-13 09:05:42
776,rb2210,SHFE,0_0_     1301659,     1815500,多,开,4972.0,1,2022-04-13 09:05:47
777,rb2210,SHFE,0_0_     1301659,     1815513,多,开,4972.0,2,2022-04-13 09:05:47
778,rb2210,SHFE,0_0_     1302169,     1817256,空,平今,4968.0,2,2022-04-13 09:05:53
779,rb2210,SHFE,0_0_     1304111,     1822205,空,平今,4974.0,2,2022-04-13 09:06:10
780,rb2210,SHFE,0_0_     1304277,     1822594,多,开,4972.0,2,2022-04-13 09:06:11
781,rb2210,SHFE,0_0_     1305157,     1824944,空,平今,4974.0,2,2022-04-13 09:06:22
782,rb2210,SHFE,0_0_     1305157,     1824957,空,平今,4974.0,1,2022-04-13 09:06:22
783,rb2210,SHFE,0_0_     1305280,     1825320,空,平今,4974.0,2,2022-04-13 09:06:24
784,rb2210,SHFE,0_0_     1305386,     1825347,多,开,4973.0,4,2022-04-13 09:06:24
785,rb2210,SHFE,0_0_     1305414,     1825902,多,开,4972.0,4,2022-04-13 09:06:25
786,rb2210,SHFE,0_0_     1305570,     1828566,空,平今,4974.0,1,2022-04-13 09:06:38
787,rb2210,SHFE,0_0_     1305570,     1828672,空,平今,4974.0,1,2022-04-13 09:06:38
788,rb2210,SHFE,0_0_     1305570,     1828747,空,平今,4974.0,1,2022-04-13 09:06:39
789,rb2210,SHFE,0_0_     1305570,     1828748,空,平今,4974.0,1,2022-04-13 09:06:39
790,rb2210,SHFE,0_0_     1306423,     1828777,多,开,4973.0,2,2022-04-13 09:06:39
791,rb2210,SHFE,0_0_     1311454,     1837945,空,平今,4971.0,3,2022-04-13 09:07:19
792,rb2210,SHFE,0_0_     1312274,     1839869,多,开,4970.0,4,2022-04-13 09:07:24
793,rb2210,SHFE,0_0_     1312301,     1840100,空,开,4970.0,3,2022-04-13 09:07:25
794,rb2210,SHFE,0_0_     1312301,     1840140,空,开,4970.0,2,2022-04-13 09:07:25
795,rb2210,SHFE,0_0_     1312301,     1840146,空,开,4970.0,2,2022-04-13 09:07:25
796,rb2210,SHFE,0_0_     1312301,     1840220,空,开,4970.0,1,2022-04-13 09:07:26
797,rb2210,SHFE,0_0_     1314393,     1843151,空,平今,4969.0,1,2022-04-13 09:07:36
798,rb2210,SHFE,0_0_     1314523,     1843641,多,平今,4968.0,1,2022-04-13 09:07:38
799,rb2210,SHFE,0_0_     1318460,     1849549,空,平今,4965.0,2,2022-04-13 09:07:59
800,rb2210,SHFE,0_0_     1318828,     1850053,多,平今,4964.0,1,2022-04-13 09:08:00
801,rb2210,SHFE,0_0_     1318828,     1850054,多,平今,4964.0,1,2022-04-13 09:08:00
802,rb2210,SHFE,0_0_     1318828,     1850055,多,平今,4964.0,1,2022-04-13 09:08:00
803,rb2210,SHFE,0_0_     1318828,     1850061,多,平今,4964.0,2,2022-04-13 09:08:00
804,rb2210,SHFE,0_0_     1318828,     1850062,多,平今,4964.0,1,2022-04-13 09:08:00
805,rb2210,SHFE,0_0_     1319327,     1851302,多,开,4963.0,1,2022-04-13 09:08:03
806,rb2210,SHFE,0_0_     1319327,     1851305,多,开,4963.0,3,2022-04-13 09:08:04
807,rb2210,SHFE,0_0_     1319412,     1851348,空,平今,4964.0,4,2022-04-13 09:08:04
808,rb2210,SHFE,0_0_     1319546,     1851409,空,平今,4964.0,1,2022-04-13 09:08:04
809,rb2210,SHFE,0_0_     1319547,     1851648,多,开,4963.0,5,2022-04-13 09:08:05
810,rb2210,SHFE,0_0_     1319748,     1852016,空,平今,4965.0,2,2022-04-13 09:08:06
811,rb2210,SHFE,0_0_     1319941,     1852020,多,开,4964.0,2,2022-04-13 09:08:06
812,rb2210,SHFE,0_0_     1320255,     1852336,空,开,4963.0,7,2022-04-13 09:08:07
813,rb2210,SHFE,0_0_     1319942,     1852957,空,平今,4965.0,2,2022-04-13 09:08:09
814,rb2210,SHFE,0_0_     1320372,     1853155,多,平今,4963.0,2,2022-04-13 09:08:09
815,rb2210,SHFE,0_0_     1320691,     1856419,空,平今,4965.0,1,2022-04-13 09:08:24
816,rb2210,SHFE,0_0_     1320691,     1856421,空,平今,4965.0,1,2022-04-13 09:08:24
817,rb2210,SHFE,0_0_     1320691,     1856422,空,平今,4965.0,1,2022-04-13 09:08:24
818,rb2210,SHFE,0_0_     1320691,     1856437,空,平今,4965.0,1,2022-04-13 09:08:24
819,rb2210,SHFE,0_0_     1323217,     1856540,多,平今,4964.0,3,2022-04-13 09:08:24
820,rb2210,SHFE,0_0_     1323284,     1856685,空,开,4965.0,5,2022-04-13 09:08:25
821,rb2210,SHFE,0_0_     1323819,     1857128,多,开,4966.0,1,2022-04-13 09:08:27
822,rb2210,SHFE,0_0_     1323819,     1857129,多,开,4966.0,3,2022-04-13 09:08:27
823,rb2210,SHFE,0_0_     1324440,     1858131,多,平今,4966.0,2,2022-04-13 09:08:31
824,rb2210,SHFE,0_0_     1324883,     1858846,多,平今,4966.0,1,2022-04-13 09:08:34
825,rb2210,SHFE,0_0_     1329560,     1863305,空,平今,4966.0,1,2022-04-13 09:09:00
826,rb2210,SHFE,0_0_     1323393,     1863603,多,平今,4964.0,5,2022-04-13 09:09:01
827,rb2210,SHFE,0_0_     1329689,     1863706,空,开,4965.0,2,2022-04-13 09:09:01
828,rb2210,SHFE,0_0_     1329689,     1863707,空,开,4965.0,3,2022-04-13 09:09:01
829,rb2210,SHFE,0_0_     1330271,     1865052,多,平今,4963.0,1,2022-04-13 09:09:06
830,rb2210,SHFE,0_0_     1330972,     1865309,空,开,4964.0,4,2022-04-13 09:09:07
831,rb2210,SHFE,0_0_     1332631,     1868095,多,平今,4964.0,1,2022-04-13 09:09:20
832,rb2210,SHFE,0_0_     1333009,     1868154,空,开,4965.0,1,2022-04-13 09:09:21
833,rb2210,SHFE,0_0_     1333058,     1868630,多,平今,4964.0,1,2022-04-13 09:09:23
834,rb2210,SHFE,0_0_     1333058,     1868631,多,平今,4964.0,1,2022-04-13 09:09:23
835,rb2210,SHFE,0_0_     1329636,     1868893,空,平今,4966.0,4,2022-04-13 09:09:24
836,rb2210,SHFE,0_0_     1333783,     1869984,多,开,4965.0,4,2022-04-13 09:09:30
837,rb2210,SHFE,0_0_     1334911,     1870023,空,平今,4966.0,4,2022-04-13 09:09:30
838,rb2210,SHFE,0_0_     1336805,     1871698,多,平今,4967.0,1,2022-04-13 09:09:39
839,rb2210,SHFE,0_0_     1336994,     1871850,多,开,4967.0,2,2022-04-13 09:09:40
840,rb2210,SHFE,0_0_     1334920,     1873149,多,开,4965.0,4,2022-04-13 09:09:49
841,rb2210,SHFE,0_0_     1333672,     1873676,多,平今,4964.0,4,2022-04-13 09:09:52
842,rb2210,SHFE,0_0_     1338943,     1873696,空,开,4965.0,1,2022-04-13 09:09:52
843,rb2210,SHFE,0_0_     1338943,     1873777,空,开,4965.0,1,2022-04-13 09:09:52
844,rb2210,SHFE,0_0_     1338943,     1873778,空,开,4965.0,1,2022-04-13 09:09:52
845,rb2210,SHFE,0_0_     1338943,     1873811,空,开,4965.0,1,2022-04-13 09:09:52
846,rb2210,SHFE,0_0_     1339517,     1874609,多,平今,4964.0,1,2022-04-13 09:09:56
847,rb2210,SHFE,0_0_     1339734,     1874739,空,开,4965.0,3,2022-04-13 09:09:56
848,rb2210,SHFE,0_0_     1338586,     1874916,空,平今,4966.0,1,2022-04-13 09:09:57
849,rb2210,SHFE,0_0_     1338586,     1875083,空,平今,4966.0,1,2022-04-13 09:09:58
850,rb2210,SHFE,0_0_     1338586,     1875095,空,平今,4966.0,1,2022-04-13 09:09:58
851,rb2210,SHFE,0_0_     1338586,     1875202,空,平今,4966.0,1,2022-04-13 09:09:58
852,rb2210,SHFE,0_0_     1339860,     1875478,多,平今,4964.0,2,2022-04-13 09:10:00
853,rb2210,SHFE,0_0_     1340275,     1877094,空,开,4965.0,2,2022-04-13 09:10:03
854,rb2210,SHFE,0_0_     1314841,     1877836,空,平今,4969.0,1,2022-04-13 09:10:05
855,rb2210,SHFE,0_0_     1346538,     1884621,多,平今,4968.0,3,2022-04-13 09:10:34
856,rb2210,SHFE,0_0_     1347655,     1886019,多,开,4971.0,6,2022-04-13 09:10:41
857,rb2210,SHFE,0_0_     1349949,     1889055,空,平今,4976.0,4,2022-04-13 09:10:55
858,rb2210,SHFE,0_0_     1350598,     1889093,多,平今,4975.0,4,2022-04-13 09:10:56
859,rb2210,SHFE,0_0_     1359551,     1897807,空,平今,4978.0,2,2022-04-13 09:11:44
860,rb2210,SHFE,0_0_     1362073,     1903521,空,开,4976.0,1,2022-04-13 09:12:10
861,rb2210,SHFE,0_0_     1362073,     1903526,空,开,4976.0,1,2022-04-13 09:12:10
862,rb2210,SHFE,0_0_     1362073,     1903538,空,开,4976.0,3,2022-04-13 09:12:10
863,rb2210,SHFE,0_0_     1362073,     1903554,空,开,4976.0,3,2022-04-13 09:12:10
864,rb2210,SHFE,0_0_     1364182,     1903659,多,平今,4975.0,3,2022-04-13 09:12:10
865,rb2210,SHFE,0_0_     1375153,     1919488,多,平今,4969.0,3,2022-04-13 09:13:09
866,rb2210,SHFE,0_0_     1375449,     1922624,空,开,4970.0,3,2022-04-13 09:13:24
867,rb2210,SHFE,0_0_     1377745,     1922961,空,开,4970.0,1,2022-04-13 09:13:25
868,rb2210,SHFE,0_0_     1377745,     1923037,空,开,4970.0,1,2022-04-13 09:13:26
869,rb2210,SHFE,0_0_     1379808,     1929633,多,平今,4968.0,4,2022-04-13 09:14:00
870,rb2210,SHFE,0_0_     1383731,     1932157,空,开,4969.0,4,2022-04-13 09:14:12
871,rb2210,SHFE,0_0_     1387236,     1933626,空,开,4971.0,1,2022-04-13 09:14:19
872,rb2210,SHFE,0_0_     1387699,     1933701,多,平今,4970.0,1,2022-04-13 09:14:20
873,rb2210,SHFE,0_0_     1393133,     1938664,多,平今,4971.0,5,2022-04-13 09:14:53
874,rb2210,SHFE,0_0_     1395095,     1939969,空,开,4968.0,1,2022-04-13 09:15:00
875,rb2210,SHFE,0_0_     1395585,     1940966,空,开,4967.0,1,2022-04-13 09:15:03
876,rb2210,SHFE,0_0_     1397908,     1944302,多,平今,4967.0,2,2022-04-13 09:15:13
877,rb2210,SHFE,0_0_     1399604,     1948497,多,平今,4961.0,2,2022-04-13 09:15:25
878,rb2210,SHFE,0_0_     1399755,     1948615,空,开,4962.0,2,2022-04-13 09:15:25
879,rb2210,SHFE,0_0_     1400017,     1948954,多,开,4961.0,4,2022-04-13 09:15:26
880,rb2210,SHFE,0_0_     1400128,     1949238,多,平今,4961.0,2,2022-04-13 09:15:27
881,rb2210,SHFE,0_0_     1400658,     1950248,空,平今,4962.0,4,2022-04-13 09:15:30
882,rb2210,SHFE,0_0_     1399292,     1951874,空,平今,4964.0,2,2022-04-13 09:15:35
883,rb2210,SHFE,0_0_     1401997,     1952396,多,开,4963.0,4,2022-04-13 09:15:36
884,rb2210,SHFE,0_0_     1397932,     1958801,空,开,4968.0,2,2022-04-13 09:16:02
885,rb2210,SHFE,0_0_     1407289,     1958816,多,平今,4967.0,2,2022-04-13 09:16:02
886,rb2210,SHFE,0_0_     1407298,     1972857,多,开,4966.0,2,2022-04-13 09:17:29
887,rb2210,SHFE,0_0_     1420019,     1973062,空,平今,4967.0,2,2022-04-13 09:17:31
888,rb2210,SHFE,0_0_     1414624,     1976314,空,平今,4970.0,3,2022-04-13 09:17:49
889,rb2210,SHFE,0_0_     1422815,     1976378,多,开,4969.0,3,2022-04-13 09:17:50
890,rb2210,SHFE,0_0_     1425039,     1979078,空,开,4968.0,3,2022-04-13 09:18:05
891,rb2210,SHFE,0_0_     1425039,     1979085,空,开,4968.0,1,2022-04-13 09:18:05
892,rb2210,SHFE,0_0_     1425039,     1979115,空,开,4968.0,1,2022-04-13 09:18:05
893,rb2210,SHFE,0_0_     1425183,     1979245,多,平今,4967.0,3,2022-04-13 09:18:06
894,rb2210,SHFE,0_0_     1425498,     1979531,多,平今,4967.0,2,2022-04-13 09:18:08
895,rb2210,SHFE,0_0_     1429552,     1984098,空,平今,4967.0,1,2022-04-13 09:18:37
896,rb2210,SHFE,0_0_     1431127,     1985432,空,平今,4967.0,2,2022-04-13 09:18:47
897,rb2210,SHFE,0_0_     1432701,     1986965,多,开,4967.0,2,2022-04-13 09:18:59
898,rb2210,SHFE,0_0_     1403854,     1992593,多,开,4964.0,1,2022-04-13 09:19:31
899,rb2210,SHFE,0_0_     1402220,     1993142,多,开,4963.0,1,2022-04-13 09:19:35
900,rb2210,SHFE,0_0_     1438315,     1993604,空,开,4963.0,4,2022-04-13 09:19:38
901,rb2210,SHFE,0_0_     1438364,     1993977,空,开,4963.0,4,2022-04-13 09:19:40
902,rb2210,SHFE,0_0_     1438790,     1994342,多,平今,4962.0,4,2022-04-13 09:19:41
903,rb2210,SHFE,0_0_     1438829,     1995230,空,开,4963.0,1,2022-04-13 09:19:46
904,rb2210,SHFE,0_0_     1438829,     1995249,空,开,4963.0,1,2022-04-13 09:19:46
905,rb2210,SHFE,0_0_     1438829,     1995283,空,开,4963.0,1,2022-04-13 09:19:47
906,rb2210,SHFE,0_0_     1438829,     1995305,空,开,4963.0,1,2022-04-13 09:19:47
907,rb2210,SHFE,0_0_     1439352,     1995794,多,平今,4963.0,4,2022-04-13 09:19:49
908,rb2210,SHFE,0_0_     1439227,     1996263,多,平今,4962.0,2,2022-04-13 09:19:52
909,rb2210,SHFE,0_0_     1440336,     1996758,空,平今,4962.0,2,2022-04-13 09:19:54
910,rb2210,SHFE,0_0_     1440872,     1997383,多,平今,4961.0,1,2022-04-13 09:19:58
911,rb2210,SHFE,0_0_     1441015,     1997891,空,开,4961.0,3,2022-04-13 09:20:00
912,rb2210,SHFE,0_0_     1440414,     1997912,空,开,4962.0,1,2022-04-13 09:20:00
913,rb2210,SHFE,0_0_     1440414,     1997915,空,开,4962.0,3,2022-04-13 09:20:00
914,rb2210,SHFE,0_0_     1441130,     1997928,多,平今,4961.0,4,2022-04-13 09:20:00
915,rb2210,SHFE,0_0_     1441672,     1999688,多,平今,4961.0,1,2022-04-13 09:20:03
916,rb2210,SHFE,0_0_     1441672,     1999694,多,平今,4961.0,1,2022-04-13 09:20:03
917,rb2210,SHFE,0_0_     1441672,     1999697,多,平今,4961.0,1,2022-04-13 09:20:03
918,rb2210,SHFE,0_0_     1441672,     1999698,多,平今,4961.0,1,2022-04-13 09:20:03
919,rb2210,SHFE,0_0_     1441815,     1999758,空,开,4962.0,4,2022-04-13 09:20:04
920,rb2210,SHFE,0_0_     1441975,     2000063,多,平今,4961.0,2,2022-04-13 09:20:05
921,rb2210,SHFE,0_0_     1442139,     2000139,空,开,4962.0,2,2022-04-13 09:20:05
922,rb2210,SHFE,0_0_     1442139,     2000147,空,开,4962.0,1,2022-04-13 09:20:05
923,rb2210,SHFE,0_0_     1442139,     2000189,空,开,4962.0,1,2022-04-13 09:20:05
924,rb2210,SHFE,0_0_     1442261,     2000225,多,平今,4961.0,1,2022-04-13 09:20:05
925,rb2210,SHFE,0_0_     1442261,     2000232,多,平今,4961.0,1,2022-04-13 09:20:05
926,rb2210,SHFE,0_0_     1442261,     2000233,多,平今,4961.0,1,2022-04-13 09:20:05
927,rb2210,SHFE,0_0_     1442261,     2000235,多,平今,4961.0,1,2022-04-13 09:20:05
928,rb2210,SHFE,0_0_     1442279,     2000451,空,开,4962.0,4,2022-04-13 09:20:07
929,rb2210,SHFE,0_0_     1442479,     2000578,多,平今,4961.0,1,2022-04-13 09:20:07
930,rb2210,SHFE,0_0_     1442479,     2000579,多,平今,4961.0,2,2022-04-13 09:20:07
931,rb2210,SHFE,0_0_     1442479,     2000580,多,平今,4961.0,1,2022-04-13 09:20:07
932,rb2210,SHFE,0_0_     1444476,     2003386,多,平今,4959.0,1,2022-04-13 09:20:21
933,rb2210,SHFE,0_0_     1444795,     2003727,空,开,4959.0,3,2022-04-13 09:20:22
934,rb2210,SHFE,0_0_     1444878,     2004909,多,平今,4958.0,3,2022-04-13 09:20:29
935,rb2210,SHFE,0_0_     1445485,     2005575,空,开,4959.0,3,2022-04-13 09:20:33
936,rb2210,SHFE,0_0_     1445532,     2005582,空,平今,4959.0,2,2022-04-13 09:20:33
937,rb2210,SHFE,0_0_     1445964,     2005834,多,平今,4958.0,4,2022-04-13 09:20:33
938,rb2210,SHFE,0_0_     1445991,     2005858,空,开,4959.0,2,2022-04-13 09:20:33
939,rb2210,SHFE,0_0_     1442551,     2009727,空,开,4962.0,1,2022-04-13 09:20:53
940,rb2210,SHFE,0_0_     1442551,     2009736,空,开,4962.0,1,2022-04-13 09:20:53
941,rb2210,SHFE,0_0_     1442551,     2009737,空,开,4962.0,1,2022-04-13 09:20:53
942,rb2210,SHFE,0_0_     1442551,     2009758,空,开,4962.0,1,2022-04-13 09:20:53
943,rb2210,SHFE,0_0_     1449890,     2010756,多,平今,4961.0,1,2022-04-13 09:21:01
944,rb2210,SHFE,0_0_     1449890,     2010757,多,平今,4961.0,1,2022-04-13 09:21:01
945,rb2210,SHFE,0_0_     1450516,     2011403,多,平今,4962.0,1,2022-04-13 09:21:05
946,rb2210,SHFE,0_0_     1450516,     2011404,多,平今,4962.0,3,2022-04-13 09:21:05
947,rb2210,SHFE,0_0_     1455496,     2017248,多,开,4962.0,1,2022-04-13 09:21:43
948,rb2210,SHFE,0_0_     1455606,     2017677,空,开,4963.0,3,2022-04-13 09:21:47
949,rb2210,SHFE,0_0_     1456067,     2020573,多,平今,4962.0,3,2022-04-13 09:22:04
950,rb2210,SHFE,0_0_     1458769,     2021303,空,平今,4963.0,1,2022-04-13 09:22:07
951,rb2210,SHFE,0_0_     1460143,     2022606,空,开,4963.0,1,2022-04-13 09:22:17
952,rb2210,SHFE,0_0_     1460143,     2022613,空,开,4963.0,1,2022-04-13 09:22:17
953,rb2210,SHFE,0_0_     1460143,     2022654,空,开,4963.0,1,2022-04-13 09:22:17
954,rb2210,SHFE,0_0_     1462137,     2024061,空,开,4960.0,3,2022-04-13 09:22:31
955,rb2210,SHFE,0_0_     1445996,     2024696,多,开,4958.0,4,2022-04-13 09:22:32
956,rb2210,SHFE,0_0_     1462412,     2025610,空,平今,4959.0,2,2022-04-13 09:22:35
957,rb2210,SHFE,0_0_     1463409,     2026130,多,平今,4958.0,2,2022-04-13 09:22:37
958,rb2210,SHFE,0_0_     1463409,     2026172,多,平今,4958.0,2,2022-04-13 09:22:37
959,rb2210,SHFE,0_0_     1463504,     2026481,多,开,4958.0,4,2022-04-13 09:22:38
960,rb2210,SHFE,0_0_     1463585,     2026683,空,开,4959.0,2,2022-04-13 09:22:40
961,rb2210,SHFE,0_0_     1463585,     2026701,空,开,4959.0,3,2022-04-13 09:22:40
962,rb2210,SHFE,0_0_     1463865,     2027002,多,平今,4958.000000000001,4,2022-04-13 09:22:42
963,rb2210,SHFE,0_0_     1464108,     2027035,空,平今,4959.0,1,2022-04-13 09:22:42
964,rb2210,SHFE,0_0_     1464108,     2027058,空,平今,4959.0,2,2022-04-13 09:22:42
965,rb2210,SHFE,0_0_     1464389,     2027545,空,开,4958.0,1,2022-04-13 09:22:45
966,rb2210,SHFE,0_0_     1464228,     2027657,空,平今,4959.0,3,2022-04-13 09:22:45
967,rb2210,SHFE,0_0_     1464228,     2027693,空,平今,4959.0,1,2022-04-13 09:22:46
968,rb2210,SHFE,0_0_     1464620,     2027950,多,平今,4957.0,3,2022-04-13 09:22:47
969,rb2210,SHFE,0_0_     1464660,     2027965,空,开,4958.0,5,2022-04-13 09:22:47
970,rb2210,SHFE,0_0_     1464663,     2027986,多,平今,4957.0,4,2022-04-13 09:22:47
971,rb2210,SHFE,0_0_     1464665,     2027989,空,开,4958.0,4,2022-04-13 09:22:47
972,rb2210,SHFE,0_0_     1464668,     2028045,多,平今,4957.0,4,2022-04-13 09:22:48
973,rb2210,SHFE,0_0_     1464798,     2028140,空,开,4958.0,1,2022-04-13 09:22:48
974,rb2210,SHFE,0_0_     1464798,     2028168,空,开,4958.0,1,2022-04-13 09:22:48
975,rb2210,SHFE,0_0_     1464985,     2028201,多,开,4957.0,8,2022-04-13 09:22:49
976,rb2210,SHFE,0_0_     1465246,     2028502,空,平今,4957.0,4,2022-04-13 09:22:50
977,rb2210,SHFE,0_0_     1465079,     2028828,空,平今,4958.0,2,2022-04-13 09:22:51
978,rb2210,SHFE,0_0_     1465079,     2028830,空,平今,4958.0,1,2022-04-13 09:22:51
979,rb2210,SHFE,0_0_     1465079,     2028840,空,平今,4958.0,1,2022-04-13 09:22:51
980,rb2210,SHFE,0_0_     1465467,     2028842,多,开,4957.0,3,2022-04-13 09:22:51
981,rb2210,SHFE,0_0_     1465467,     2028843,多,开,4957.0,2,2022-04-13 09:22:51
982,rb2210,SHFE,0_0_     1465467,     2028844,多,开,4957.0,3,2022-04-13 09:22:51
983,rb2210,SHFE,0_0_     1465953,     2029434,空,开,4957.0,3,2022-04-13 09:22:55
984,rb2210,SHFE,0_0_     1466206,     2029884,多,平今,4956.0,4,2022-04-13 09:22:57
985,rb2210,SHFE,0_0_     1466531,     2031088,空,开,4957.0,2,2022-04-13 09:23:02
986,rb2210,SHFE,0_0_     1466531,     2031122,空,开,4957.0,2,2022-04-13 09:23:02
987,rb2210,SHFE,0_0_     1468757,     2033317,多,平今,4960.0,2,2022-04-13 09:23:14
988,rb2210,SHFE,0_0_     1470832,     2036132,空,平今,4961.0,1,2022-04-13 09:23:33
989,rb2210,SHFE,0_0_     1470834,     2037563,多,平今,4960.000000000001,1,2022-04-13 09:23:42
990,rb2210,SHFE,0_0_     1472094,     2037870,空,平今,4961.0,1,2022-04-13 09:23:44
991,rb2210,SHFE,0_0_     1472255,     2037973,多,开,4960.000000000001,1,2022-04-13 09:23:45
992,rb2210,SHFE,0_0_     1467160,     2039497,多,平今,4956.0,4,2022-04-13 09:23:53
993,rb2210,SHFE,0_0_     1473546,     2039697,空,平今,4958.0,4,2022-04-13 09:23:55
994,rb2210,SHFE,0_0_     1473636,     2039703,空,开,4958.0,2,2022-04-13 09:23:55
995,rb2210,SHFE,0_0_     1473636,     2039708,空,开,4958.0,2,2022-04-13 09:23:55
996,rb2210,SHFE,0_0_     1474629,     2040534,空,平今,4957.0,1,2022-04-13 09:24:00
997,rb2210,SHFE,0_0_     1474702,     2040584,空,开,4957.0,3,2022-04-13 09:24:00
998,rb2210,SHFE,0_0_     1474942,     2040965,多,平今,4956.0,1,2022-04-13 09:24:03
999,rb2210,SHFE,0_0_     1474942,     2040991,多,平今,4956.0,1,2022-04-13 09:24:03
1000,rb2210,SHFE,0_0_     1474942,     2041009,多,平今,4956.0,1,2022-04-13 09:24:03
1001,rb2210,SHFE,0_0_     1474942,     2041012,多,平今,4956.0,1,2022-04-13 09:24:03
1002,rb2210,SHFE,0_0_     1475362,     2042147,多,平今,4956.0,3,2022-04-13 09:24:11
1003,rb2210,SHFE,0_0_     1472315,     2044564,空,平今,4961.0,1,2022-04-13 09:24:28
1004,rb2210,SHFE,0_0_     1460143,     2045364,空,开,4963.0,1,2022-04-13 09:24:34
1005,rb2210,SHFE,0_0_     1480741,     2049017,多,平今,4961.0,1,2022-04-13 09:25:02
1006,rb2210,SHFE,0_0_     1496175,     2067168,空,开,4968.0,2,2022-04-13 09:27:02
1007,rb2210,SHFE,0_0_     1496976,     2067497,空,开,4968.0,2,2022-04-13 09:27:03
1008,rb2210,SHFE,0_0_     1496976,     2067499,空,开,4968.0,3,2022-04-13 09:27:03
1009,rb2210,SHFE,0_0_     1496976,     2067538,空,开,4968.0,1,2022-04-13 09:27:04
1010,rb2210,SHFE,0_0_     1497215,     2069939,多,平今,4967.0,1,2022-04-13 09:27:21
1011,rb2210,SHFE,0_0_     1503335,     2075012,多,平今,4966.0,4,2022-04-13 09:27:58
1012,rb2210,SHFE,0_0_     1489183,     2079831,多,开,4962.0,2,2022-04-13 09:28:22
1013,rb2210,SHFE,0_0_     1510161,     2084743,多,开,4964.0,2,2022-04-13 09:29:02
1014,rb2210,SHFE,0_0_     1509077,     2084780,多,平今,4963.0,3,2022-04-13 09:29:02
1015,rb2210,SHFE,0_0_     1513359,     2085156,空,平今,4964.0,4,2022-04-13 09:29:06
1016,rb2210,SHFE,0_0_     1513600,     2085167,空,开,4964.0,4,2022-04-13 09:29:06
1017,rb2210,SHFE,0_0_     1513770,     2085312,多,开,4963.0,2,2022-04-13 09:29:07
1018,rb2210,SHFE,0_0_     1513770,     2085341,多,开,4963.0,1,2022-04-13 09:29:08
1019,rb2210,SHFE,0_0_     1513770,     2085399,多,开,4963.0,4,2022-04-13 09:29:08
1020,rb2210,SHFE,0_0_     1514097,     2085494,空,平今,4963.0,1,2022-04-13 09:29:09
1021,rb2210,SHFE,0_0_     1514065,     2085539,空,平今,4964.0,4,2022-04-13 09:29:09
1022,rb2210,SHFE,0_0_     1514653,     2086425,空,平今,4962.0,1,2022-04-13 09:29:14
1023,rb2210,SHFE,0_0_     1514816,     2086651,多,平今,4961.0,1,2022-04-13 09:29:16
1024,rb2210,SHFE,0_0_     1517314,     2089737,多,平今,4959.0,1,2022-04-13 09:29:36
1025,rb2210,SHFE,0_0_     1515078,     2090968,空,开,4961.0,4,2022-04-13 09:29:41
1026,rb2210,SHFE,0_0_     1515036,     2091546,空,平今,4962.0,1,2022-04-13 09:29:45
1027,rb2210,SHFE,0_0_     1520073,     2091640,多,平今,4961.0,1,2022-04-13 09:29:46
1028,rb2210,SHFE,0_0_     1519405,     2091718,多,平今,4960.000000000001,4,2022-04-13 09:29:46
1029,rb2210,SHFE,0_0_     1521603,     2093904,空,平今,4960.0,1,2022-04-13 09:29:58
1030,rb2210,SHFE,0_0_     1521832,     2094510,多,平今,4959.0,1,2022-04-13 09:30:00
1031,rb2210,SHFE,0_0_     1522256,     2094768,空,开,4960.0,2,2022-04-13 09:30:01
1032,rb2210,SHFE,0_0_     1522321,     2096372,多,平今,4959.0,2,2022-04-13 09:30:08
1033,rb2210,SHFE,0_0_     1523666,     2096450,空,开,4960.0,2,2022-04-13 09:30:08
1034,rb2210,SHFE,0_0_     1527142,     2101091,空,开,4957.0,4,2022-04-13 09:30:38
1035,rb2210,SHFE,0_0_     1527212,     2106183,多,平今,4956.0,4,2022-04-13 09:31:08
1036,rb2210,SHFE,0_0_     1531025,     2106189,空,开,4957.0,1,2022-04-13 09:31:08
1037,rb2210,SHFE,0_0_     1531025,     2106198,空,开,4957.0,3,2022-04-13 09:31:08
1038,rb2210,SHFE,0_0_     1532044,     2107618,多,平今,4958.0,1,2022-04-13 09:31:15
1039,rb2210,SHFE,0_0_     1532560,     2109083,多,平今,4958.0,1,2022-04-13 09:31:25
1040,rb2210,SHFE,0_0_     1534619,     2110620,多,开,4961.0,2,2022-04-13 09:31:38
1041,rb2210,SHFE,0_0_     1534845,     2110978,空,平今,4962.0,2,2022-04-13 09:31:40
1042,rb2210,SHFE,0_0_     1531064,     2116931,多,平今,4956.0,1,2022-04-13 09:32:17
1043,rb2210,SHFE,0_0_     1531064,     2116937,多,平今,4956.0,1,2022-04-13 09:32:17
1044,rb2210,SHFE,0_0_     1531064,     2116975,多,平今,4956.0,2,2022-04-13 09:32:17
1045,rb2210,SHFE,0_0_     1543745,     2122297,空,开,4960.0,4,2022-04-13 09:32:54
1046,rb2210,SHFE,0_0_     1546979,     2125597,多,平今,4959.0,4,2022-04-13 09:33:13
1047,rb2210,SHFE,0_0_     1548999,     2128719,空,开,4959.0,4,2022-04-13 09:33:40
1048,rb2210,SHFE,0_0_     1552309,     2130521,多,平今,4959.0,4,2022-04-13 09:33:59
1049,rb2210,SHFE,0_0_     1535331,     2131497,空,开,4962.0,4,2022-04-13 09:34:07
1050,rb2210,SHFE,0_0_     1554647,     2132162,多,开,4964.0,2,2022-04-13 09:34:13
1051,rb2210,SHFE,0_0_     1554647,     2132163,多,开,4964.0,1,2022-04-13 09:34:13
1052,rb2210,SHFE,0_0_     1554647,     2132164,多,开,4964.0,1,2022-04-13 09:34:13
1053,rb2210,SHFE,0_0_     1553697,     2135601,多,开,4961.0,1,2022-04-13 09:34:49
1054,rb2210,SHFE,0_0_     1553697,     2135612,多,开,4961.0,2,2022-04-13 09:34:49
1055,rb2210,SHFE,0_0_     1553697,     2135631,多,开,4961.0,1,2022-04-13 09:34:49
1056,rb2210,SHFE,0_0_     1559862,     2137082,多,平今,4961.0,4,2022-04-13 09:34:59
1057,rb2210,SHFE,0_0_     1559460,     2138113,空,平今,4962.0,1,2022-04-13 09:35:06
1058,rb2210,SHFE,0_0_     1566502,     2142608,空,平今,4958.0,3,2022-04-13 09:35:41
1059,rb2210,SHFE,0_0_     1566627,     2142912,空,开,4959.0,3,2022-04-13 09:35:44
1060,rb2210,SHFE,0_0_     1568675,     2145601,空,开,4956.0,1,2022-04-13 09:36:05
1061,rb2210,SHFE,0_0_     1567786,     2148485,空,开,4958.000000000001,2,2022-04-13 09:36:26
1062,rb2210,SHFE,0_0_     1567786,     2148534,空,开,4958.000000000001,1,2022-04-13 09:36:27
1063,rb2210,SHFE,0_0_     1567786,     2148550,空,开,4958.0,1,2022-04-13 09:36:27
1064,rb2210,SHFE,0_0_     1573520,     2149974,多,平今,4961.000000000001,4,2022-04-13 09:36:41
1065,rb2210,SHFE,0_0_     1573191,     2150000,多,平今,4960.0,4,2022-04-13 09:36:41
1066,rb2210,SHFE,0_0_     1574290,     2152552,多,开,4961.0,3,2022-04-13 09:36:54
1067,rb2210,SHFE,0_0_     1579616,     2158965,空,开,4961.0,1,2022-04-13 09:37:28
1068,rb2210,SHFE,0_0_     1579616,     2158972,空,开,4961.0,7,2022-04-13 09:37:28
1069,rb2210,SHFE,0_0_     1586985,     2166179,空,平今,4958.0,3,2022-04-13 09:38:07
1070,rb2210,SHFE,0_0_     1586985,     2166180,空,平今,4958.0,1,2022-04-13 09:38:07
1071,rb2210,SHFE,0_0_     1588956,     2170242,空,平今,4956.0,2,2022-04-13 09:38:29
1072,rb2210,SHFE,0_0_     1590056,     2170672,多,平今,4955.000000000001,3,2022-04-13 09:38:33
1073,rb2210,SHFE,0_0_     1590454,     2170871,空,开,4956.0,1,2022-04-13 09:38:34
1074,rb2210,SHFE,0_0_     1590454,     2170889,空,开,4956.0,1,2022-04-13 09:38:34
1075,rb2210,SHFE,0_0_     1590454,     2170969,空,开,4956.0,1,2022-04-13 09:38:35
1076,rb2210,SHFE,0_0_     1591150,     2171272,多,平今,4955.0,1,2022-04-13 09:38:38
1077,rb2210,SHFE,0_0_     1591533,     2172018,多,平今,4954.0,1,2022-04-13 09:38:41
1078,rb2210,SHFE,0_0_     1591533,     2172020,多,平今,4954.0,2,2022-04-13 09:38:41
1079,rb2210,SHFE,0_0_     1592051,     2172210,空,开,4955.0,3,2022-04-13 09:38:43
1080,rb2210,SHFE,0_0_     1592328,     2172621,多,平今,4955.0,3,2022-04-13 09:38:45
1081,rb2210,SHFE,0_0_     1592545,     2172987,空,开,4955.0,1,2022-04-13 09:38:49
1082,rb2210,SHFE,0_0_     1593036,     2173322,多,平今,4954.0,1,2022-04-13 09:38:51
1083,rb2210,SHFE,0_0_     1593207,     2173398,空,开,4955.0,4,2022-04-13 09:38:51
1084,rb2210,SHFE,0_0_     1593580,     2174163,多,平今,4954.0,2,2022-04-13 09:38:56
1085,rb2210,SHFE,0_0_     1593620,     2174446,空,开,4954.0,1,2022-04-13 09:38:57
1086,rb2210,SHFE,0_0_     1593620,     2174449,空,开,4954.0,1,2022-04-13 09:38:57
1087,rb2210,SHFE,0_0_     1593762,     2174637,多,平今,4953.0,2,2022-04-13 09:38:59
1088,rb2210,SHFE,0_0_     1594022,     2174737,多,平今,4953.000000000001,5,2022-04-13 09:38:59
1089,rb2210,SHFE,0_0_     1594154,     2175032,空,开,4954.0,4,2022-04-13 09:39:01
1090,rb2210,SHFE,0_0_     1594229,     2175268,空,开,4954.0,1,2022-04-13 09:39:03
1091,rb2210,SHFE,0_0_     1594656,     2178645,多,平今,4953.0,4,2022-04-13 09:39:23
1092,rb2210,SHFE,0_0_     1598487,     2179146,空,开,4954.0,1,2022-04-13 09:39:26
1093,rb2210,SHFE,0_0_     1598154,     2182230,空,开,4955.0,1,2022-04-13 09:39:42
1094,rb2210,SHFE,0_0_     1598154,     2182231,空,开,4955.0,1,2022-04-13 09:39:42
1095,rb2210,SHFE,0_0_     1598154,     2182232,空,开,4955.0,2,2022-04-13 09:39:42
1096,rb2210,SHFE,0_0_     1612227,     2193188,多,平今,4955.0,1,2022-04-13 09:40:49
1097,rb2210,SHFE,0_0_     1612227,     2193201,多,平今,4955.0,2,2022-04-13 09:40:49
1098,rb2210,SHFE,0_0_     1612227,     2193207,多,平今,4955.0,1,2022-04-13 09:40:50
1099,rb2210,SHFE,0_0_     1612330,     2193306,空,开,4955.0,2,2022-04-13 09:40:50
1100,rb2210,SHFE,0_0_     1612595,     2199681,多,开,4955.0,3,2022-04-13 09:41:35
1101,rb2210,SHFE,0_0_     1618629,     2199908,空,平今,4956.0,1,2022-04-13 09:41:37
1102,rb2210,SHFE,0_0_     1618629,     2199964,空,平今,4956.0,1,2022-04-13 09:41:37
1103,rb2210,SHFE,0_0_     1618629,     2200038,空,平今,4956.0,1,2022-04-13 09:41:38
1104,rb2210,SHFE,0_0_     1618844,     2200093,空,开,4956.0,3,2022-04-13 09:41:38
1105,rb2210,SHFE,0_0_     1618998,     2200230,多,开,4955.0,2,2022-04-13 09:41:39
1106,rb2210,SHFE,0_0_     1618998,     2200239,多,开,4955.0,4,2022-04-13 09:41:40
1107,rb2210,SHFE,0_0_     1619129,     2200253,空,平今,4956.0,4,2022-04-13 09:41:40
1108,rb2210,SHFE,0_0_     1619224,     2200577,多,平今,4955.0,1,2022-04-13 09:41:42
1109,rb2210,SHFE,0_0_     1619315,     2200944,空,平今,4956.0,1,2022-04-13 09:41:48
1110,rb2210,SHFE,0_0_     1619889,     2201600,多,平今,4955.0,1,2022-04-13 09:41:51
1111,rb2210,SHFE,0_0_     1620474,     2202241,空,平今,4956.0,1,2022-04-13 09:41:56
1112,rb2210,SHFE,0_0_     1622001,     2203390,空,开,4956.0,1,2022-04-13 09:42:05
1113,rb2210,SHFE,0_0_     1622001,     2203391,空,开,4956.0,1,2022-04-13 09:42:05
1114,rb2210,SHFE,0_0_     1622893,     2203922,多,平今,4956.0,4,2022-04-13 09:42:09
1115,rb2210,SHFE,0_0_     1626359,     2209785,多,开,4958.0,4,2022-04-13 09:42:47
1116,rb2210,SHFE,0_0_     1633866,     2222221,多,平今,4960.0,1,2022-04-13 09:44:33
1117,rb2210,SHFE,0_0_     1642631,     2222284,空,平今,4961.0,1,2022-04-13 09:44:34
1118,rb2210,SHFE,0_0_     1642717,     2222303,空,开,4961.0,1,2022-04-13 09:44:34
1119,rb2210,SHFE,0_0_     1644337,     2224275,多,平今,4962.0,4,2022-04-13 09:44:48
1120,rb2210,SHFE,0_0_     1639059,     2232857,空,平今,4964.0,3,2022-04-13 09:45:59
1121,rb2210,SHFE,0_0_     1639059,     2232869,空,平今,4964.0,1,2022-04-13 09:45:59
1122,rb2210,SHFE,0_0_     1653468,     2233079,多,开,4963.0,4,2022-04-13 09:46:02
1123,rb2210,SHFE,0_0_     1655445,     2238099,空,开,4963.0,2,2022-04-13 09:46:49
1124,rb2210,SHFE,0_0_     1663713,     2241868,多,开,4967.0,4,2022-04-13 09:47:15
1125,rb2210,SHFE,0_0_     1664458,     2242588,空,平今,4968.0,4,2022-04-13 09:47:20
1126,rb2210,SHFE,0_0_     1665276,     2242673,多,开,4967.0,4,2022-04-13 09:47:22
1127,rb2210,SHFE,0_0_     1665419,     2243191,空,平今,4968.0,1,2022-04-13 09:47:27
1128,rb2210,SHFE,0_0_     1665419,     2243197,空,平今,4968.0,1,2022-04-13 09:47:27
1129,rb2210,SHFE,0_0_     1665419,     2243204,空,平今,4968.0,1,2022-04-13 09:47:27
1130,rb2210,SHFE,0_0_     1665419,     2243211,空,平今,4968.0,1,2022-04-13 09:47:27
1131,rb2210,SHFE,0_0_     1666095,     2243220,多,开,4967.0,4,2022-04-13 09:47:27
1132,rb2210,SHFE,0_0_     1666098,     2243972,空,平今,4968.0,4,2022-04-13 09:47:34
1133,rb2210,SHFE,0_0_     1667074,     2244007,多,开,4967.0,4,2022-04-13 09:47:34
1134,rb2210,SHFE,0_0_     1667075,     2244170,空,平今,4968.0,3,2022-04-13 09:47:35
1135,rb2210,SHFE,0_0_     1667075,     2244279,空,平今,4968.0,1,2022-04-13 09:47:36
1136,rb2210,SHFE,0_0_     1667965,     2248326,多,开,4967.0,1,2022-04-13 09:48:12
1137,rb2210,SHFE,0_0_     1671405,     2249182,空,平今,4968.0,1,2022-04-13 09:48:22
1138,rb2210,SHFE,0_0_     1673442,     2251471,空,开,4967.0,1,2022-04-13 09:48:52
1139,rb2210,SHFE,0_0_     1673442,     2251477,空,开,4967.0,3,2022-04-13 09:48:52
1140,rb2210,SHFE,0_0_     1677710,     2256668,多,平今,4963.0,1,2022-04-13 09:49:51
1141,rb2210,SHFE,0_0_     1660636,     2257241,多,平今,4962.0,2,2022-04-13 09:49:56
1142,rb2210,SHFE,0_0_     1680573,     2257290,空,开,4963.0,2,2022-04-13 09:49:57
1143,rb2210,SHFE,0_0_     1692118,     2268799,多,平今,4964.0,1,2022-04-13 09:51:28
1144,rb2210,SHFE,0_0_     1670867,     2283609,空,开,4969.0,2,2022-04-13 09:53:02
1145,rb2210,SHFE,0_0_     1707337,     2283882,多,平今,4968.0,1,2022-04-13 09:53:04
1146,rb2210,SHFE,0_0_     1707337,     2283890,多,平今,4968.0,1,2022-04-13 09:53:04
1147,rb2210,SHFE,0_0_     1707762,     2284071,空,开,4969.0,1,2022-04-13 09:53:05
1148,rb2210,SHFE,0_0_     1669849,     2284384,空,平今,4970.0,4,2022-04-13 09:53:06
1149,rb2210,SHFE,0_0_     1708505,     2285787,多,开,4970.0,1,2022-04-13 09:53:14
1150,rb2210,SHFE,0_0_     1708505,     2285837,多,开,4970.0,1,2022-04-13 09:53:14
1151,rb2210,SHFE,0_0_     1708505,     2285838,多,开,4970.0,2,2022-04-13 09:53:14
1152,rb2210,SHFE,0_0_     1709125,     2286151,空,平今,4971.0,4,2022-04-13 09:53:16
1153,rb2210,SHFE,0_0_     1709436,     2286326,空,开,4971.0,2,2022-04-13 09:53:18
1154,rb2210,SHFE,0_0_     1709653,     2286406,空,开,4971.0,1,2022-04-13 09:53:19
1155,rb2210,SHFE,0_0_     1709760,     2286885,多,平今,4970.0,3,2022-04-13 09:53:22
1156,rb2210,SHFE,0_0_     1710541,     2287422,空,开,4970.0,1,2022-04-13 09:53:24
1157,rb2210,SHFE,0_0_     1708446,     2287809,多,平今,4969.0,2,2022-04-13 09:53:26
1158,rb2210,SHFE,0_0_     1711195,     2288733,空,开,4970.0,2,2022-04-13 09:53:29
1159,rb2210,SHFE,0_0_     1711742,     2288930,多,开,4969.0,4,2022-04-13 09:53:31
1160,rb2210,SHFE,0_0_     1711864,     2289524,多,平今,4969.0,1,2022-04-13 09:53:35
1161,rb2210,SHFE,0_0_     1711864,     2289530,多,平今,4969.0,1,2022-04-13 09:53:35
1162,rb2210,SHFE,0_0_     1712627,     2290193,空,平今,4970.0,4,2022-04-13 09:53:41
1163,rb2210,SHFE,0_0_     1712973,     2290306,空,开,4970.0,3,2022-04-13 09:53:42
1164,rb2210,SHFE,0_0_     1713232,     2290473,多,平今,4969.0,4,2022-04-13 09:53:43
1165,rb2210,SHFE,0_0_     1713445,     2290538,空,开,4970.0,4,2022-04-13 09:53:44
1166,rb2210,SHFE,0_0_     1713515,     2290570,多,开,4970.0,1,2022-04-13 09:53:44
1167,rb2210,SHFE,0_0_     1715683,     2293257,空,平今,4972.0,1,2022-04-13 09:54:00
1168,rb2210,SHFE,0_0_     1715949,     2293345,多,开,4971.0,4,2022-04-13 09:54:00
1169,rb2210,SHFE,0_0_     1713514,     2294964,多,平今,4969.0,4,2022-04-13 09:54:08
1170,rb2210,SHFE,0_0_     1717022,     2295046,空,开,4970.0,4,2022-04-13 09:54:08
1171,rb2210,SHFE,0_0_     1719166,     2297475,空,开,4970.0,1,2022-04-13 09:54:24
1172,rb2210,SHFE,0_0_     1717060,     2297616,多,平今,4969.0,4,2022-04-13 09:54:25
1173,rb2210,SHFE,0_0_     1719787,     2299008,空,开,4969.0,3,2022-04-13 09:54:39
1174,rb2210,SHFE,0_0_     1721391,     2299323,多,平今,4968.0,3,2022-04-13 09:54:41
1175,rb2210,SHFE,0_0_     1721394,     2299669,空,开,4969.0,3,2022-04-13 09:54:46
1176,rb2210,SHFE,0_0_     1716226,     2313372,空,平今,4972.0,4,2022-04-13 09:56:18
1177,rb2210,SHFE,0_0_     1733501,     2314291,多,开,4971.0,2,2022-04-13 09:56:22
1178,rb2210,SHFE,0_0_     1733501,     2314318,多,开,4971.0,2,2022-04-13 09:56:22
1179,rb2210,SHFE,0_0_     1735408,     2317324,多,开,4972.000000000001,1,2022-04-13 09:56:50
1180,rb2210,SHFE,0_0_     1737514,     2318473,空,平今,4973.0,1,2022-04-13 09:56:56
1181,rb2210,SHFE,0_0_     1737514,     2318474,空,平今,4973.0,3,2022-04-13 09:56:56
1182,rb2210,SHFE,0_0_     1738558,     2318914,多,平今,4973.0,2,2022-04-13 09:56:59
1183,rb2210,SHFE,0_0_     1738822,     2320279,多,开,4973.0,1,2022-04-13 09:57:03
1184,rb2210,SHFE,0_0_     1739974,     2325242,多,平今,4973.0,1,2022-04-13 09:57:32
1185,rb2210,SHFE,0_0_     1744045,     2325612,空,平今,4974.0,1,2022-04-13 09:57:36
1186,rb2210,SHFE,0_0_     1744442,     2325850,空,开,4974.0,2,2022-04-13 09:57:39
1187,rb2210,SHFE,0_0_     1744459,     2328248,多,平今,4973.0,1,2022-04-13 09:58:00
1188,rb2210,SHFE,0_0_     1733351,     2329727,多,平今,4970.0,4,2022-04-13 09:58:06
1189,rb2210,SHFE,0_0_     1748305,     2330189,空,开,4971.0,1,2022-04-13 09:58:10
1190,rb2210,SHFE,0_0_     1748305,     2330191,空,开,4971.0,1,2022-04-13 09:58:10
1191,rb2210,SHFE,0_0_     1748305,     2330201,空,开,4971.0,1,2022-04-13 09:58:10
1192,rb2210,SHFE,0_0_     1748305,     2330223,空,开,4971.0,1,2022-04-13 09:58:10
1193,rb2210,SHFE,0_0_     1750734,     2332056,多,平今,4970.0,1,2022-04-13 09:58:27
1194,rb2210,SHFE,0_0_     1706209,     2339035,多,开,4967.0,1,2022-04-13 09:59:21
1195,rb2210,SHFE,0_0_     1706209,     2339036,多,开,4967.0,2,2022-04-13 09:59:21
1196,rb2210,SHFE,0_0_     1757798,     2340058,空,平今,4967.0,1,2022-04-13 09:59:27
1197,rb2210,SHFE,0_0_     1757904,     2340185,空,平今,4967.0,2,2022-04-13 09:59:28
1198,rb2210,SHFE,0_0_     1761850,     2344785,多,开,4967.0,2,2022-04-13 10:00:01
1199,rb2210,SHFE,0_0_     1761850,     2344824,多,开,4967.0,1,2022-04-13 10:00:01
1200,rb2210,SHFE,0_0_     1761850,     2344841,多,开,4967.0,3,2022-04-13 10:00:01
1201,rb2210,SHFE,0_0_     1761850,     2344842,多,开,4967.0,1,2022-04-13 10:00:01
1202,rb2210,SHFE,0_0_     1761922,     2345047,空,平今,4968.0,1,2022-04-13 10:00:01
1203,rb2210,SHFE,0_0_     1761922,     2345048,空,平今,4968.0,1,2022-04-13 10:00:01
1204,rb2210,SHFE,0_0_     1761922,     2345049,空,平今,4968.0,1,2022-04-13 10:00:01
1205,rb2210,SHFE,0_0_     1761922,     2345050,空,平今,4968.0,1,2022-04-13 10:00:01
1206,rb2210,SHFE,0_0_     1763500,     2348477,空,开,4965.0,2,2022-04-13 10:00:12
1207,rb2210,SHFE,0_0_     1763248,     2349050,空,平今,4966.0,1,2022-04-13 10:00:16
1208,rb2210,SHFE,0_0_     1765616,     2350843,空,平今,4966.0,1,2022-04-13 10:00:27
1209,rb2210,SHFE,0_0_     1762230,     2350881,空,平今,4967.0,1,2022-04-13 10:00:27
1210,rb2210,SHFE,0_0_     1766454,     2350917,多,开,4966.0,1,2022-04-13 10:00:27
1211,rb2210,SHFE,0_0_     1766454,     2350918,多,开,4966.0,1,2022-04-13 10:00:27
1212,rb2210,SHFE,0_0_     1766454,     2350919,多,开,4966.0,1,2022-04-13 10:00:27
1213,rb2210,SHFE,0_0_     1766454,     2350920,多,开,4966.0,1,2022-04-13 10:00:27
1214,rb2210,SHFE,0_0_     1766454,     2350921,多,开,4966.0,1,2022-04-13 10:00:27
1215,rb2210,SHFE,0_0_     1766454,     2350922,多,开,4966.0,1,2022-04-13 10:00:27
1216,rb2210,SHFE,0_0_     1766543,     2351527,空,平今,4968.0,6,2022-04-13 10:00:29
1217,rb2210,SHFE,0_0_     1767853,     2352498,多,平今,4969.0,1,2022-04-13 10:00:39
1218,rb2210,SHFE,0_0_     1766445,     2361930,多,平今,4965.0,2,2022-04-13 10:01:41
1219,rb2210,SHFE,0_0_     1766445,     2362043,多,平今,4965.0,1,2022-04-13 10:01:42
1220,rb2210,SHFE,0_0_     1766445,     2362246,多,平今,4965.0,2,2022-04-13 10:01:43
1221,rb2210,SHFE,0_0_     1775827,     2362256,空,开,4966.0,2,2022-04-13 10:01:43
1222,rb2210,SHFE,0_0_     1780832,     2367654,空,开,4967.0,4,2022-04-13 10:02:24
1223,rb2210,SHFE,0_0_     1783363,     2369581,多,平今,4966.0,1,2022-04-13 10:02:41
1224,rb2210,SHFE,0_0_     1783363,     2369614,多,平今,4966.0,1,2022-04-13 10:02:42
1225,rb2210,SHFE,0_0_     1783631,     2370121,多,平今,4966.0,2,2022-04-13 10:02:47
1226,rb2210,SHFE,0_0_     1783631,     2370146,多,平今,4966.0,2,2022-04-13 10:02:47
1227,rb2210,SHFE,0_0_     1785549,     2372084,多,开,4966.0,3,2022-04-13 10:03:02
1228,rb2210,SHFE,0_0_     1808546,     2400002,空,平今,4968.0,1,2022-04-13 10:05:51
1229,rb2210,SHFE,0_0_     1809637,     2402452,多,开,4969.0,1,2022-04-13 10:06:03
1230,rb2210,SHFE,0_0_     1811195,     2402811,空,平今,4970.0,1,2022-04-13 10:06:05
1231,rb2210,SHFE,0_0_     1811581,     2403118,多,开,4969.0,1,2022-04-13 10:06:06
1232,rb2210,SHFE,0_0_     1811730,     2404691,空,平今,4970.0,1,2022-04-13 10:06:15
1233,rb2210,SHFE,0_0_     1822457,     2418965,空,平今,4974.0,3,2022-04-13 10:07:47
1234,rb2210,SHFE,0_0_     1825084,     2420401,多,开,4973.0,3,2022-04-13 10:07:56
