,code,exchange,orderid,tradeid,direction,offset,price,volume,datetime
0,rb2210,SHFE,0_0_         221,       34086,多,开,4947.0,1,2022-04-13 21:00:12
1,rb2210,SHFE,0_0_         221,       34097,多,开,4947.0,1,2022-04-13 21:00:12
2,rb2210,SHFE,0_0_         221,       34102,多,开,4947.0,1,2022-04-13 21:00:12
3,rb2210,SHFE,0_0_         377,       39254,空,开,4946.0,8,2022-04-13 21:00:16
4,rb2210,SHFE,0_0_         705,       50827,空,平昨,4946.0,1,2022-04-13 21:00:28
5,rb2210,SHFE,0_0_        1308,       68704,多,平今,4942.0,1,2022-04-13 21:00:51
6,rb2210,SHFE,0_0_        1308,       68795,多,平今,4942.0,1,2022-04-13 21:00:51
7,rb2210,SHFE,0_0_        1308,       68798,多,平今,4942.0,1,2022-04-13 21:00:51
8,rb2210,SHFE,0_0_        1308,       68799,多,平今,4942.0,1,2022-04-13 21:00:51
9,rb2210,SHFE,0_0_        1308,       68806,多,平今,4942.0,1,2022-04-13 21:00:51
10,rb2210,SHFE,0_0_        1308,       68838,多,平今,4942.0,1,2022-04-13 21:00:51
11,rb2210,SHFE,0_0_        1635,       77192,多,开,4941.0,3,2022-04-13 21:01:03
12,rb2210,SHFE,0_0_        1644,       77459,空,平今,4942.0,2,2022-04-13 21:01:03
13,rb2210,SHFE,0_0_        1644,       77461,空,平今,4942.0,1,2022-04-13 21:01:03
14,rb2210,SHFE,0_0_        1646,       77477,多,开,4941.0,1,2022-04-13 21:01:03
15,rb2210,SHFE,0_0_        1646,       77486,多,开,4941.0,1,2022-04-13 21:01:03
16,rb2210,SHFE,0_0_        1646,       77494,多,开,4941.0,1,2022-04-13 21:01:03
17,rb2210,SHFE,0_0_        1647,       77577,空,平今,4942.0,2,2022-04-13 21:01:04
18,rb2210,SHFE,0_0_        1647,       77638,空,平今,4942.0,1,2022-04-13 21:01:04
19,rb2210,SHFE,0_0_         732,       79674,空,平今,4945.0,1,2022-04-13 21:01:06
20,rb2210,SHFE,0_0_        1998,       86297,空,开,4939.0,6,2022-04-13 21:01:16
21,rb2210,SHFE,0_0_        2033,       87254,多,平今,4938.0,3,2022-04-13 21:01:17
22,rb2210,SHFE,0_0_        2138,       90829,多,平今,4934.0,1,2022-04-13 21:01:22
23,rb2210,SHFE,0_0_        2359,       97225,多,平今,4933.0,4,2022-04-13 21:01:31
24,rb2210,SHFE,0_0_        2400,       98414,多,开,4934.0,1,2022-04-13 21:01:33
25,rb2210,SHFE,0_0_        2557,      103305,空,开,4937.0,8,2022-04-13 21:01:43
26,rb2210,SHFE,0_0_        2675,      104128,多,平今,4937.0,5,2022-04-13 21:01:44
27,rb2210,SHFE,0_0_        2675,      104132,多,平今,4937.0,1,2022-04-13 21:01:44
28,rb2210,SHFE,0_0_        2675,      104139,多,平今,4937.0,1,2022-04-13 21:01:44
29,rb2210,SHFE,0_0_        2675,      104150,多,平今,4937.0,1,2022-04-13 21:01:44
30,rb2210,SHFE,0_0_        3960,      129773,多,开,4950.0,1,2022-04-13 21:02:33
31,rb2210,SHFE,0_0_        3960,      129777,多,开,4950.0,1,2022-04-13 21:02:33
32,rb2210,SHFE,0_0_        3960,      129779,多,开,4950.0,2,2022-04-13 21:02:33
33,rb2210,SHFE,0_0_        3982,      131162,空,平今,4951.0,4,2022-04-13 21:02:36
34,rb2210,SHFE,0_0_        4072,      131190,多,开,4950.0,1,2022-04-13 21:02:36
35,rb2210,SHFE,0_0_        4072,      131201,多,开,4950.0,2,2022-04-13 21:02:36
36,rb2210,SHFE,0_0_        4072,      131221,多,开,4950.0,1,2022-04-13 21:02:36
37,rb2210,SHFE,0_0_        4072,      131239,多,开,4950.0,1,2022-04-13 21:02:36
38,rb2210,SHFE,0_0_        4073,      131243,空,平今,4951.0,3,2022-04-13 21:02:36
39,rb2210,SHFE,0_0_        4073,      133229,空,平今,4951.0,2,2022-04-13 21:02:39
40,rb2210,SHFE,0_0_        4197,      133242,多,开,4950.0,2,2022-04-13 21:02:39
41,rb2210,SHFE,0_0_        4209,      134447,空,平今,4951.0,1,2022-04-13 21:02:41
42,rb2210,SHFE,0_0_        4209,      134569,空,平今,4951.0,1,2022-04-13 21:02:42
43,rb2210,SHFE,0_0_        4874,      140928,多,开,4954.0,2,2022-04-13 21:02:54
44,rb2210,SHFE,0_0_        5038,      142539,空,开,4954.0,1,2022-04-13 21:02:57
45,rb2210,SHFE,0_0_        5038,      142540,空,开,4954.0,1,2022-04-13 21:02:57
46,rb2210,SHFE,0_0_        5038,      142541,空,开,4954.0,5,2022-04-13 21:02:57
47,rb2210,SHFE,0_0_        4507,      146591,多,开,4951.0,2,2022-04-13 21:03:06
48,rb2210,SHFE,0_0_        5513,      146797,空,平今,4952.0,2,2022-04-13 21:03:07
49,rb2210,SHFE,0_0_        5541,      146934,多,平今,4951.0,2,2022-04-13 21:03:07
50,rb2210,SHFE,0_0_        5573,      147384,空,平今,4952.0,1,2022-04-13 21:03:08
51,rb2210,SHFE,0_0_        5573,      147385,空,平今,4952.0,1,2022-04-13 21:03:08
52,rb2210,SHFE,0_0_        6137,      151197,多,平今,4954.0,4,2022-04-13 21:03:18
53,rb2210,SHFE,0_0_        6230,      151963,多,开,4954.0,1,2022-04-13 21:03:20
54,rb2210,SHFE,0_0_        6230,      151968,多,开,4954.0,1,2022-04-13 21:03:20
55,rb2210,SHFE,0_0_        6230,      151973,多,开,4954.0,1,2022-04-13 21:03:20
56,rb2210,SHFE,0_0_        6230,      151975,多,开,4954.0,1,2022-04-13 21:03:20
57,rb2210,SHFE,0_0_        6350,      153501,空,平今,4956.0,1,2022-04-13 21:03:23
58,rb2210,SHFE,0_0_        6350,      153513,空,平今,4956.0,1,2022-04-13 21:03:23
59,rb2210,SHFE,0_0_        6353,      154663,多,开,4955.0,1,2022-04-13 21:03:25
60,rb2210,SHFE,0_0_        6353,      154733,多,开,4955.0,1,2022-04-13 21:03:25
61,rb2210,SHFE,0_0_        6524,      155528,空,平今,4956.0,2,2022-04-13 21:03:27
62,rb2210,SHFE,0_0_        6544,      155585,多,开,4955.0,2,2022-04-13 21:03:27
63,rb2210,SHFE,0_0_        6916,      160295,空,平今,4956.0,1,2022-04-13 21:03:41
64,rb2210,SHFE,0_0_        6916,      160297,空,平今,4956.0,3,2022-04-13 21:03:41
65,rb2210,SHFE,0_0_        7245,      161994,多,平今,4955.0,1,2022-04-13 21:03:44
66,rb2210,SHFE,0_0_        7785,      166713,空,开,4954.0,3,2022-04-13 21:03:56
67,rb2210,SHFE,0_0_        8003,      167050,空,平今,4954.0,1,2022-04-13 21:03:58
68,rb2210,SHFE,0_0_        8466,      169241,空,开,4955.0,2,2022-04-13 21:04:04
69,rb2210,SHFE,0_0_        7329,      169284,空,平今,4956.0,1,2022-04-13 21:04:04
70,rb2210,SHFE,0_0_        8468,      169309,多,平今,4955.0,1,2022-04-13 21:04:04
71,rb2210,SHFE,0_0_        8500,      170231,多,平今,4955.0,1,2022-04-13 21:04:07
72,rb2210,SHFE,0_0_        8500,      170238,多,平今,4955.0,1,2022-04-13 21:04:07
73,rb2210,SHFE,0_0_        8664,      170333,空,开,4956.0,4,2022-04-13 21:04:07
74,rb2210,SHFE,0_0_        9844,      176371,空,平今,4957.0,1,2022-04-13 21:04:27
75,rb2210,SHFE,0_0_        8745,      178637,多,平今,4955.0,2,2022-04-13 21:04:34
76,rb2210,SHFE,0_0_       14591,      193491,多,平今,4952.0,4,2022-04-13 21:05:10
77,rb2210,SHFE,0_0_        4321,      195056,多,开,4950.0,1,2022-04-13 21:05:13
78,rb2210,SHFE,0_0_       15066,      195329,空,平今,4951.0,1,2022-04-13 21:05:13
79,rb2210,SHFE,0_0_       18816,      212381,多,开,4956.0,2,2022-04-13 21:05:53
80,rb2210,SHFE,0_0_       19068,      213221,空,平今,4957.0,2,2022-04-13 21:05:57
81,rb2210,SHFE,0_0_       19307,      213978,多,开,4956.000000000001,4,2022-04-13 21:05:59
82,rb2210,SHFE,0_0_       19563,      214005,空,平今,4957.0,4,2022-04-13 21:05:59
83,rb2210,SHFE,0_0_       19626,      214721,多,开,4956.0,4,2022-04-13 21:06:00
84,rb2210,SHFE,0_0_       19852,      214855,空,平今,4957.0,1,2022-04-13 21:06:01
85,rb2210,SHFE,0_0_       19852,      214864,空,平今,4957.0,1,2022-04-13 21:06:01
86,rb2210,SHFE,0_0_       27440,      234575,多,开,4953.0,3,2022-04-13 21:07:00
87,rb2210,SHFE,0_0_       30991,      241650,空,平今,4953.0,3,2022-04-13 21:07:17
88,rb2210,SHFE,0_0_       31206,      243629,空,开,4953.0,3,2022-04-13 21:07:21
89,rb2210,SHFE,0_0_       32139,      245336,多,平今,4953.0,1,2022-04-13 21:07:26
90,rb2210,SHFE,0_0_       20030,      247698,空,平今,4957.0,1,2022-04-13 21:07:34
91,rb2210,SHFE,0_0_       34636,      250422,空,平今,4959.0,1,2022-04-13 21:07:39
92,rb2210,SHFE,0_0_       34898,      250922,空,开,4959.0,1,2022-04-13 21:07:41
93,rb2210,SHFE,0_0_       36124,      254380,多,平今,4962.0,3,2022-04-13 21:07:48
94,rb2210,SHFE,0_0_       37779,      257961,空,开,4964.0,3,2022-04-13 21:07:59
95,rb2210,SHFE,0_0_       37833,      258967,多,平今,4963.0,3,2022-04-13 21:08:01
96,rb2210,SHFE,0_0_       39070,      266025,空,开,4963.0,4,2022-04-13 21:08:17
97,rb2210,SHFE,0_0_       40532,      266101,多,平今,4962.0,4,2022-04-13 21:08:17
98,rb2210,SHFE,0_0_       45128,      273876,多,开,4962.0,4,2022-04-13 21:08:47
99,rb2210,SHFE,0_0_       45356,      278319,空,平今,4963.0,4,2022-04-13 21:09:01
100,rb2210,SHFE,0_0_       38155,      278675,空,开,4964.0,4,2022-04-13 21:09:02
101,rb2210,SHFE,0_0_       47772,      279105,多,平今,4963.0,2,2022-04-13 21:09:03
102,rb2210,SHFE,0_0_       52502,      290127,空,开,4970.0,2,2022-04-13 21:09:27
103,rb2210,SHFE,0_0_       52506,      290310,多,平今,4969.0,2,2022-04-13 21:09:27
104,rb2210,SHFE,0_0_       52587,      290508,空,开,4970.0,2,2022-04-13 21:09:28
105,rb2210,SHFE,0_0_       52664,      290540,多,平今,4969.0,2,2022-04-13 21:09:28
106,rb2210,SHFE,0_0_       52669,      291116,空,开,4970.0,2,2022-04-13 21:09:31
107,rb2210,SHFE,0_0_       53617,      292197,空,开,4969.0,2,2022-04-13 21:09:34
108,rb2210,SHFE,0_0_       53665,      292270,多,平今,4968.0,2,2022-04-13 21:09:34
109,rb2210,SHFE,0_0_       53680,      294201,空,开,4969.0,2,2022-04-13 21:09:42
110,rb2210,SHFE,0_0_       54799,      294254,多,平今,4968.0,2,2022-04-13 21:09:42
111,rb2210,SHFE,0_0_       54804,      294273,空,开,4969.0,1,2022-04-13 21:09:42
112,rb2210,SHFE,0_0_       54804,      294504,空,开,4969.0,1,2022-04-13 21:09:42
113,rb2210,SHFE,0_0_       55276,      296387,空,开,4969.0,1,2022-04-13 21:09:49
114,rb2210,SHFE,0_0_       55276,      296396,空,开,4969.0,1,2022-04-13 21:09:49
115,rb2210,SHFE,0_0_       55930,      297058,多,平今,4968.0,2,2022-04-13 21:09:52
116,rb2210,SHFE,0_0_       56187,      297095,空,开,4969.0,2,2022-04-13 21:09:52
117,rb2210,SHFE,0_0_       56222,      298100,多,平今,4968.0,2,2022-04-13 21:09:56
118,rb2210,SHFE,0_0_       56551,      298162,空,开,4969.0,2,2022-04-13 21:09:56
119,rb2210,SHFE,0_0_       57283,      299506,多,平今,4971.000000000001,1,2022-04-13 21:10:01
120,rb2210,SHFE,0_0_       57919,      301229,空,开,4970.0,1,2022-04-13 21:10:05
121,rb2210,SHFE,0_0_       56554,      303934,多,平今,4968.0,2,2022-04-13 21:10:13
122,rb2210,SHFE,0_0_       59298,      304545,空,开,4969.0,2,2022-04-13 21:10:14
123,rb2210,SHFE,0_0_       59635,      304565,多,平今,4968.0,1,2022-04-13 21:10:14
124,rb2210,SHFE,0_0_       59635,      304575,多,平今,4968.0,1,2022-04-13 21:10:14
125,rb2210,SHFE,0_0_       59635,      304610,多,平今,4968.0,2,2022-04-13 21:10:15
126,rb2210,SHFE,0_0_       59786,      305067,空,开,4969.0,4,2022-04-13 21:10:16
127,rb2210,SHFE,0_0_       60020,      305875,多,平今,4969.0,2,2022-04-13 21:10:18
128,rb2210,SHFE,0_0_       60695,      306640,多,平今,4968.0,1,2022-04-13 21:10:22
129,rb2210,SHFE,0_0_       60695,      306641,多,平今,4968.0,1,2022-04-13 21:10:22
130,rb2210,SHFE,0_0_       60695,      306642,多,平今,4968.0,1,2022-04-13 21:10:22
131,rb2210,SHFE,0_0_       60695,      306643,多,平今,4968.0,3,2022-04-13 21:10:22
132,rb2210,SHFE,0_0_       60716,      306826,空,开,4968.0,4,2022-04-13 21:10:22
133,rb2210,SHFE,0_0_       60826,      306974,多,平今,4968.0,2,2022-04-13 21:10:23
134,rb2210,SHFE,0_0_       48783,      315573,多,开,4964.0,1,2022-04-13 21:10:50
135,rb2210,SHFE,0_0_       48783,      315619,多,开,4964.0,1,2022-04-13 21:10:51
136,rb2210,SHFE,0_0_       48783,      315623,多,开,4964.0,1,2022-04-13 21:10:51
137,rb2210,SHFE,0_0_       48783,      315624,多,开,4964.0,1,2022-04-13 21:10:51
138,rb2210,SHFE,0_0_       65909,      315877,空,平今,4965.0,2,2022-04-13 21:10:52
139,rb2210,SHFE,0_0_       65909,      315941,空,平今,4965.0,1,2022-04-13 21:10:52
140,rb2210,SHFE,0_0_       66608,      316750,空,开,4965.0,2,2022-04-13 21:10:56
141,rb2210,SHFE,0_0_       69177,      320855,多,平今,4966.0,4,2022-04-13 21:11:07
142,rb2210,SHFE,0_0_       69733,      321304,多,开,4966.0,6,2022-04-13 21:11:09
143,rb2210,SHFE,0_0_       74715,      327873,空,开,4964.0,2,2022-04-13 21:11:38
144,rb2210,SHFE,0_0_       74715,      327878,空,开,4964.0,1,2022-04-13 21:11:38
145,rb2210,SHFE,0_0_       74715,      327905,空,开,4964.0,1,2022-04-13 21:11:38
146,rb2210,SHFE,0_0_       74715,      327919,空,开,4964.0,2,2022-04-13 21:11:38
147,rb2210,SHFE,0_0_       75593,      328821,多,平今,4964.0,5,2022-04-13 21:11:43
148,rb2210,SHFE,0_0_       75593,      328838,多,平今,4964.0,1,2022-04-13 21:11:43
149,rb2210,SHFE,0_0_       75874,      329184,空,开,4963.0,6,2022-04-13 21:11:45
150,rb2210,SHFE,0_0_       76072,      329609,空,平今,4963.0,1,2022-04-13 21:11:47
151,rb2210,SHFE,0_0_       81871,      339576,多,平今,4957.0,2,2022-04-13 21:12:23
152,rb2210,SHFE,0_0_       82237,      339659,空,开,4958.0,2,2022-04-13 21:12:23
153,rb2210,SHFE,0_0_       82253,      339774,多,平今,4957.0,2,2022-04-13 21:12:24
154,rb2210,SHFE,0_0_       82355,      340874,空,开,4958.0,2,2022-04-13 21:12:30
155,rb2210,SHFE,0_0_       83059,      341838,多,平今,4957.0,2,2022-04-13 21:12:35
156,rb2210,SHFE,0_0_       83401,      341886,多,平今,4957.0,2,2022-04-13 21:12:35
157,rb2210,SHFE,0_0_       84438,      343561,空,开,4957.0,5,2022-04-13 21:12:45
158,rb2210,SHFE,0_0_       84438,      343562,空,开,4957.0,1,2022-04-13 21:12:45
159,rb2210,SHFE,0_0_       83523,      344374,空,平今,4958.0,2,2022-04-13 21:12:49
160,rb2210,SHFE,0_0_       83523,      344375,空,平今,4958.0,2,2022-04-13 21:12:49
161,rb2210,SHFE,0_0_       84129,      344789,多,平今,4956.0,1,2022-04-13 21:12:50
162,rb2210,SHFE,0_0_       85081,      344874,多,平今,4956.0,2,2022-04-13 21:12:51
163,rb2210,SHFE,0_0_       85350,      345304,多,平今,4956.0,1,2022-04-13 21:12:53
164,rb2210,SHFE,0_0_       85234,      345783,空,开,4957.0,3,2022-04-13 21:12:54
165,rb2210,SHFE,0_0_       85697,      346253,多,平今,4956.0,1,2022-04-13 21:12:55
166,rb2210,SHFE,0_0_       85697,      346260,多,平今,4956.0,1,2022-04-13 21:12:55
167,rb2210,SHFE,0_0_       85697,      346263,多,平今,4956.0,1,2022-04-13 21:12:55
168,rb2210,SHFE,0_0_       85856,      346380,空,开,4957.0,2,2022-04-13 21:12:55
169,rb2210,SHFE,0_0_       85856,      346388,空,开,4957.0,1,2022-04-13 21:12:55
170,rb2210,SHFE,0_0_       85906,      352931,多,平今,4956.0,3,2022-04-13 21:13:17
171,rb2210,SHFE,0_0_       90026,      354700,多,平今,4956.0,1,2022-04-13 21:13:27
172,rb2210,SHFE,0_0_       94290,      359479,多,开,4955.0,1,2022-04-13 21:13:52
173,rb2210,SHFE,0_0_       91028,      362193,空,平今,4957.0,1,2022-04-13 21:14:05
174,rb2210,SHFE,0_0_       99877,      367683,空,开,4957.0,2,2022-04-13 21:14:22
175,rb2210,SHFE,0_0_       99877,      367777,空,开,4957.0,1,2022-04-13 21:14:23
176,rb2210,SHFE,0_0_      102279,      370395,多,平今,4956.0,1,2022-04-13 21:14:36
177,rb2210,SHFE,0_0_      103162,      370895,空,平今,4957.0,1,2022-04-13 21:14:38
178,rb2210,SHFE,0_0_      103932,      372938,多,平今,4956.0,1,2022-04-13 21:14:49
179,rb2210,SHFE,0_0_      106309,      374148,多,平今,4957.0,1,2022-04-13 21:14:55
180,rb2210,SHFE,0_0_       92474,      381899,多,平今,4954.0,2,2022-04-13 21:15:15
181,rb2210,SHFE,0_0_       92474,      382050,多,平今,4954.0,1,2022-04-13 21:15:16
182,rb2210,SHFE,0_0_      113435,      387461,多,开,4950.0,6,2022-04-13 21:15:35
183,rb2210,SHFE,0_0_      113435,      387467,多,开,4950.0,1,2022-04-13 21:15:35
184,rb2210,SHFE,0_0_      113610,      387642,空,平今,4951.0,2,2022-04-13 21:15:36
185,rb2210,SHFE,0_0_      113651,      387652,空,平今,4951.0,4,2022-04-13 21:15:36
186,rb2210,SHFE,0_0_      113994,      388240,多,开,4951.0,1,2022-04-13 21:15:40
187,rb2210,SHFE,0_0_      115498,      390350,空,平今,4950.0,1,2022-04-13 21:15:48
188,rb2210,SHFE,0_0_      115498,      390351,空,平今,4950.0,1,2022-04-13 21:15:48
189,rb2210,SHFE,0_0_      116356,      391329,多,开,4949.0,4,2022-04-13 21:15:51
190,rb2210,SHFE,0_0_      116828,      392215,空,平今,4950.0,3,2022-04-13 21:15:55
191,rb2210,SHFE,0_0_      118673,      397846,空,平今,4949.0,1,2022-04-13 21:16:18
192,rb2210,SHFE,0_0_      124816,      404623,多,开,4949.0,1,2022-04-13 21:16:53
193,rb2210,SHFE,0_0_      125806,      404707,空,平今,4950.0,1,2022-04-13 21:16:53
194,rb2210,SHFE,0_0_      125857,      405060,多,开,4949.0,1,2022-04-13 21:16:55
195,rb2210,SHFE,0_0_      120671,      408205,多,开,4948.0,4,2022-04-13 21:17:14
196,rb2210,SHFE,0_0_      129266,      408842,空,平今,4949.0,4,2022-04-13 21:17:17
197,rb2210,SHFE,0_0_      128610,      411417,空,平今,4950.0,1,2022-04-13 21:17:32
198,rb2210,SHFE,0_0_      149445,      434758,多,开,4951.0,4,2022-04-13 21:19:34
199,rb2210,SHFE,0_0_      110649,      437837,空,开,4954.0,1,2022-04-13 21:19:55
200,rb2210,SHFE,0_0_      110649,      437866,空,开,4954.0,2,2022-04-13 21:19:56
201,rb2210,SHFE,0_0_      110649,      437895,空,开,4954.0,1,2022-04-13 21:19:56
202,rb2210,SHFE,0_0_      153985,      438211,多,平今,4953.0,2,2022-04-13 21:19:57
203,rb2210,SHFE,0_0_      110381,      439331,空,开,4955.0,2,2022-04-13 21:20:01
204,rb2210,SHFE,0_0_      110381,      439342,空,开,4955.0,1,2022-04-13 21:20:01
205,rb2210,SHFE,0_0_      110381,      439344,空,开,4955.0,1,2022-04-13 21:20:01
206,rb2210,SHFE,0_0_      109329,      439867,空,平今,4956.0,1,2022-04-13 21:20:04
207,rb2210,SHFE,0_0_      155433,      440186,多,开,4956.0,4,2022-04-13 21:20:04
208,rb2210,SHFE,0_0_      156384,      441920,多,平今,4957.0,1,2022-04-13 21:20:11
209,rb2210,SHFE,0_0_      154965,      448443,多,平今,4954.0,3,2022-04-13 21:20:45
210,rb2210,SHFE,0_0_      154965,      448473,多,平今,4954.0,1,2022-04-13 21:20:45
211,rb2210,SHFE,0_0_      161679,      448506,空,平今,4955.0,3,2022-04-13 21:20:46
212,rb2210,SHFE,0_0_      161679,      448511,空,平今,4955.0,1,2022-04-13 21:20:46
213,rb2210,SHFE,0_0_      154149,      450096,多,平今,4953.0,1,2022-04-13 21:20:56
214,rb2210,SHFE,0_0_      163964,      451476,空,平今,4954.0,1,2022-04-13 21:21:05
215,rb2210,SHFE,0_0_      171839,      461976,多,开,4953.0,2,2022-04-13 21:22:03
216,rb2210,SHFE,0_0_      172355,      464045,空,平今,4954.0,2,2022-04-13 21:22:15
217,rb2210,SHFE,0_0_      173625,      464831,多,开,4953.000000000001,2,2022-04-13 21:22:20
218,rb2210,SHFE,0_0_      174477,      466168,空,平今,4954.0,2,2022-04-13 21:22:32
219,rb2210,SHFE,0_0_      164829,      474439,多,开,4952.0,2,2022-04-13 21:23:16
220,rb2210,SHFE,0_0_      164829,      474445,多,开,4952.0,1,2022-04-13 21:23:16
221,rb2210,SHFE,0_0_      184022,      476631,空,开,4950.0,4,2022-04-13 21:23:27
222,rb2210,SHFE,0_0_      184222,      477293,空,开,4950.0,2,2022-04-13 21:23:30
223,rb2210,SHFE,0_0_      181953,      486938,空,平今,4952.0,1,2022-04-13 21:24:18
224,rb2210,SHFE,0_0_      203264,      498770,空,平今,4951.0,4,2022-04-13 21:25:12
225,rb2210,SHFE,0_0_      205387,      500897,空,开,4951.0,2,2022-04-13 21:25:19
226,rb2210,SHFE,0_0_      206807,      503066,空,平今,4950.0,1,2022-04-13 21:25:29
227,rb2210,SHFE,0_0_      211520,      507177,多,平今,4948.000000000001,2,2022-04-13 21:25:51
228,rb2210,SHFE,0_0_      225459,      522216,多,平今,4951.0,2,2022-04-13 21:27:08
229,rb2210,SHFE,0_0_      225535,      522273,空,开,4951.0,1,2022-04-13 21:27:08
230,rb2210,SHFE,0_0_      226693,      524081,多,开,4950.0,3,2022-04-13 21:27:23
231,rb2210,SHFE,0_0_      227792,      524720,空,平今,4951.0,1,2022-04-13 21:27:26
232,rb2210,SHFE,0_0_      227792,      524721,空,平今,4951.0,1,2022-04-13 21:27:26
233,rb2210,SHFE,0_0_      248684,      545018,空,平今,4957.0,1,2022-04-13 21:29:22
234,rb2210,SHFE,0_0_      249438,      545498,多,平今,4957.0,1,2022-04-13 21:29:25
235,rb2210,SHFE,0_0_      264835,      565050,空,开,4955.0,1,2022-04-13 21:30:57
236,rb2210,SHFE,0_0_      266684,      569971,多,平今,4955.0,1,2022-04-13 21:31:21
237,rb2210,SHFE,0_0_      255165,      576660,空,开,4960.0,1,2022-04-13 21:32:01
238,rb2210,SHFE,0_0_      275677,      577055,多,平今,4959.0,1,2022-04-13 21:32:03
239,rb2210,SHFE,0_0_      281312,      593940,多,平今,4957.0,1,2022-04-13 21:33:23
240,rb2210,SHFE,0_0_      281312,      593946,多,平今,4957.0,1,2022-04-13 21:33:23
241,rb2210,SHFE,0_0_      287931,      594742,空,开,4958.0,1,2022-04-13 21:33:28
242,rb2210,SHFE,0_0_      287931,      595949,空,开,4958.0,2,2022-04-13 21:33:37
243,rb2210,SHFE,0_0_      292702,      600517,空,开,4957.0,2,2022-04-13 21:33:56
244,rb2210,SHFE,0_0_      288752,      600944,空,开,4958.0,1,2022-04-13 21:33:57
245,rb2210,SHFE,0_0_      314381,      623704,多,平今,4954.0,2,2022-04-13 21:36:16
246,rb2210,SHFE,0_0_      316312,      625511,空,开,4956.0,1,2022-04-13 21:36:31
247,rb2210,SHFE,0_0_      329255,      642213,多,开,4968.000000000001,2,2022-04-13 21:38:06
248,rb2210,SHFE,0_0_      329255,      642214,多,开,4968.000000000001,1,2022-04-13 21:38:06
249,rb2210,SHFE,0_0_      329255,      642215,多,开,4968.000000000001,1,2022-04-13 21:38:06
250,rb2210,SHFE,0_0_      329255,      642216,多,开,4968.000000000001,1,2022-04-13 21:38:06
251,rb2210,SHFE,0_0_      329255,      642217,多,开,4968.000000000001,1,2022-04-13 21:38:06
252,rb2210,SHFE,0_0_      329255,      642218,多,开,4968.000000000001,1,2022-04-13 21:38:06
253,rb2210,SHFE,0_0_      331800,      646045,多,平今,4972.0,1,2022-04-13 21:38:20
254,rb2210,SHFE,0_0_      331800,      646046,多,平今,4972.0,1,2022-04-13 21:38:20
255,rb2210,SHFE,0_0_      333755,      649519,多,开,4974.0,1,2022-04-13 21:38:32
256,rb2210,SHFE,0_0_      335547,      653375,空,平今,4973.0,3,2022-04-13 21:38:47
257,rb2210,SHFE,0_0_      336560,      654723,空,开,4972.0,2,2022-04-13 21:38:54
258,rb2210,SHFE,0_0_      337072,      655148,空,平今,4971.0,1,2022-04-13 21:38:56
259,rb2210,SHFE,0_0_      337686,      656179,多,平今,4972.0,2,2022-04-13 21:39:02
260,rb2210,SHFE,0_0_      337686,      656180,多,平今,4972.0,1,2022-04-13 21:39:02
261,rb2210,SHFE,0_0_      337686,      656181,多,平今,4972.0,1,2022-04-13 21:39:02
262,rb2210,SHFE,0_0_      337686,      656187,多,平今,4972.0,2,2022-04-13 21:39:02
263,rb2210,SHFE,0_0_      338110,      657253,空,开,4972.0,4,2022-04-13 21:39:05
264,rb2210,SHFE,0_0_      339246,      658015,空,开,4972.0,1,2022-04-13 21:39:09
265,rb2210,SHFE,0_0_      339999,      659283,多,平今,4972.0,1,2022-04-13 21:39:16
266,rb2210,SHFE,0_0_      341633,      660716,空,开,4973.0,3,2022-04-13 21:39:26
267,rb2210,SHFE,0_0_      346488,      667183,多,平今,4974.0,2,2022-04-13 21:40:04
268,rb2210,SHFE,0_0_      346488,      667184,多,平今,4974.0,2,2022-04-13 21:40:04
269,rb2210,SHFE,0_0_      346041,      667312,多,平今,4973.0,2,2022-04-13 21:40:05
270,rb2210,SHFE,0_0_      347264,      668486,空,开,4972.0,1,2022-04-13 21:40:10
271,rb2210,SHFE,0_0_      347264,      668487,空,开,4972.0,1,2022-04-13 21:40:10
272,rb2210,SHFE,0_0_      347264,      668501,空,开,4972.0,2,2022-04-13 21:40:10
273,rb2210,SHFE,0_0_      348045,      668842,多,平今,4971.0,1,2022-04-13 21:40:12
274,rb2210,SHFE,0_0_      348557,      670907,空,开,4971.0,1,2022-04-13 21:40:25
275,rb2210,SHFE,0_0_      349565,      671068,多,平今,4970.0,1,2022-04-13 21:40:26
276,rb2210,SHFE,0_0_      349606,      671534,空,开,4971.0,1,2022-04-13 21:40:27
277,rb2210,SHFE,0_0_      350459,      672683,空,开,4972.0,2,2022-04-13 21:40:34
278,rb2210,SHFE,0_0_      351390,      673956,多,平今,4972.0,1,2022-04-13 21:40:45
279,rb2210,SHFE,0_0_      351390,      673960,多,平今,4972.0,1,2022-04-13 21:40:45
280,rb2210,SHFE,0_0_      354212,      679761,多,平今,4973.0,1,2022-04-13 21:41:15
281,rb2210,SHFE,0_0_      355507,      682278,空,开,4974.0,1,2022-04-13 21:41:27
282,rb2210,SHFE,0_0_      334181,      683443,空,平今,4976.0,4,2022-04-13 21:41:33
283,rb2210,SHFE,0_0_      357720,      683781,多,开,4975.0,4,2022-04-13 21:41:34
284,rb2210,SHFE,0_0_      357826,      684249,多,开,4975.0,2,2022-04-13 21:41:36
285,rb2210,SHFE,0_0_      357826,      684250,多,开,4975.0,1,2022-04-13 21:41:36
286,rb2210,SHFE,0_0_      358335,      684585,空,平今,4976.0,2,2022-04-13 21:41:38
287,rb2210,SHFE,0_0_      358335,      684586,空,平今,4976.0,4,2022-04-13 21:41:38
288,rb2210,SHFE,0_0_      358353,      684590,空,平今,4976.0,1,2022-04-13 21:41:38
289,rb2210,SHFE,0_0_      358368,      684891,多,开,4975.0,1,2022-04-13 21:41:39
290,rb2210,SHFE,0_0_      358397,      685067,空,开,4976.0,1,2022-04-13 21:41:40
291,rb2210,SHFE,0_0_      358397,      685068,空,开,4976.0,1,2022-04-13 21:41:40
292,rb2210,SHFE,0_0_      358368,      685071,多,开,4975.0,1,2022-04-13 21:41:40
293,rb2210,SHFE,0_0_      358368,      685079,多,开,4975.0,5,2022-04-13 21:41:40
294,rb2210,SHFE,0_0_      360718,      688329,空,平今,4975.0,1,2022-04-13 21:42:00
295,rb2210,SHFE,0_0_      358744,      688384,空,平今,4976.0,3,2022-04-13 21:42:00
296,rb2210,SHFE,0_0_      358744,      688385,空,平今,4976.0,1,2022-04-13 21:42:00
297,rb2210,SHFE,0_0_      361512,      688433,多,开,4975.0,2,2022-04-13 21:42:00
298,rb2210,SHFE,0_0_      361512,      688480,多,开,4975.0,2,2022-04-13 21:42:00
299,rb2210,SHFE,0_0_      361562,      688819,空,平今,4976.0,6,2022-04-13 21:42:01
300,rb2210,SHFE,0_0_      361502,      690153,多,平今,4974.0,1,2022-04-13 21:42:06
301,rb2210,SHFE,0_0_      364135,      692221,多,开,4973.0,3,2022-04-13 21:42:16
302,rb2210,SHFE,0_0_      364500,      692741,空,平今,4974.0,1,2022-04-13 21:42:18
303,rb2210,SHFE,0_0_      364500,      692742,空,平今,4974.0,1,2022-04-13 21:42:18
304,rb2210,SHFE,0_0_      364500,      692744,空,平今,4974.0,1,2022-04-13 21:42:18
305,rb2210,SHFE,0_0_      365560,      694333,多,开,4973.0,1,2022-04-13 21:42:26
306,rb2210,SHFE,0_0_      365560,      694338,多,开,4973.0,1,2022-04-13 21:42:26
307,rb2210,SHFE,0_0_      365560,      694339,多,开,4973.0,1,2022-04-13 21:42:26
308,rb2210,SHFE,0_0_      368047,      696344,多,开,4973.0,2,2022-04-13 21:42:42
309,rb2210,SHFE,0_0_      367390,      696979,空,平今,4974.0,3,2022-04-13 21:42:46
310,rb2210,SHFE,0_0_      368452,      697153,空,平今,4974.0,1,2022-04-13 21:42:47
311,rb2210,SHFE,0_0_      363932,      711861,多,平今,4972.0,3,2022-04-13 21:44:09
312,rb2210,SHFE,0_0_      379716,      712076,空,开,4973.0,3,2022-04-13 21:44:09
313,rb2210,SHFE,0_0_      379820,      713248,多,平今,4972.0,1,2022-04-13 21:44:14
314,rb2210,SHFE,0_0_      379820,      713280,多,平今,4972.0,1,2022-04-13 21:44:14
315,rb2210,SHFE,0_0_      380416,      713497,空,开,4973.0,2,2022-04-13 21:44:15
316,rb2210,SHFE,0_0_      381490,      715326,多,平今,4973.0,1,2022-04-13 21:44:20
317,rb2210,SHFE,0_0_      380628,      717319,多,平今,4972.0,1,2022-04-13 21:44:27
318,rb2210,SHFE,0_0_      380628,      717357,多,平今,4972.0,1,2022-04-13 21:44:27
319,rb2210,SHFE,0_0_      382939,      719157,多,开,4973.0,1,2022-04-13 21:44:34
320,rb2210,SHFE,0_0_      383613,      719220,空,平今,4974.0,1,2022-04-13 21:44:35
321,rb2210,SHFE,0_0_      385986,      723061,多,开,4976.0,1,2022-04-13 21:44:50
322,rb2210,SHFE,0_0_      385986,      723063,多,开,4976.0,1,2022-04-13 21:44:50
323,rb2210,SHFE,0_0_      385986,      723064,多,开,4976.0,1,2022-04-13 21:44:50
324,rb2210,SHFE,0_0_      385986,      723253,多,开,4976.0,1,2022-04-13 21:44:51
325,rb2210,SHFE,0_0_      386243,      723576,多,开,4976.0,1,2022-04-13 21:44:53
326,rb2210,SHFE,0_0_      350071,      732712,多,平今,4970.0,2,2022-04-13 21:45:23
327,rb2210,SHFE,0_0_      350071,      732741,多,平今,4970.0,2,2022-04-13 21:45:23
328,rb2210,SHFE,0_0_      392164,      732748,空,开,4971.0,4,2022-04-13 21:45:23
329,rb2210,SHFE,0_0_      392166,      733473,多,平今,4970.0,4,2022-04-13 21:45:25
330,rb2210,SHFE,0_0_      392621,      733551,空,开,4971.0,4,2022-04-13 21:45:26
331,rb2210,SHFE,0_0_      392703,      733834,多,平今,4970.0,4,2022-04-13 21:45:27
332,rb2210,SHFE,0_0_      393172,      734181,空,平今,4971.0,1,2022-04-13 21:45:29
333,rb2210,SHFE,0_0_      393275,      734664,多,开,4970.0,1,2022-04-13 21:45:30
334,rb2210,SHFE,0_0_      393676,      735503,空,平今,4971.0,2,2022-04-13 21:45:33
335,rb2210,SHFE,0_0_      394258,      735575,多,开,4970.0,1,2022-04-13 21:45:33
336,rb2210,SHFE,0_0_      394258,      735604,多,开,4970.0,1,2022-04-13 21:45:33
337,rb2210,SHFE,0_0_      394450,      742860,多,开,4970.0,2,2022-04-13 21:45:55
338,rb2210,SHFE,0_0_      398274,      743086,空,开,4971.0,2,2022-04-13 21:45:56
339,rb2210,SHFE,0_0_      398274,      743087,空,开,4971.0,2,2022-04-13 21:45:56
340,rb2210,SHFE,0_0_      399349,      744323,空,平今,4970.0,1,2022-04-13 21:46:01
341,rb2210,SHFE,0_0_      420206,      768029,空,开,4969.0,2,2022-04-13 21:47:55
342,rb2210,SHFE,0_0_      413028,      773075,空,平今,4971.0,3,2022-04-13 21:48:23
343,rb2210,SHFE,0_0_      426444,      774404,多,开,4971.0,4,2022-04-13 21:48:31
344,rb2210,SHFE,0_0_      430496,      779274,空,平今,4972.0,2,2022-04-13 21:49:08
345,rb2210,SHFE,0_0_      434604,      783560,空,平今,4974.0,1,2022-04-13 21:49:41
346,rb2210,SHFE,0_0_      434604,      783592,空,平今,4974.0,1,2022-04-13 21:49:41
347,rb2210,SHFE,0_0_      425499,      793887,多,平今,4970.0,4,2022-04-13 21:50:39
348,rb2210,SHFE,0_0_      443757,      793974,空,平今,4971.0,2,2022-04-13 21:50:40
349,rb2210,SHFE,0_0_      444523,      794685,空,开,4971.0,2,2022-04-13 21:50:45
350,rb2210,SHFE,0_0_      444523,      794688,空,开,4971.0,1,2022-04-13 21:50:46
351,rb2210,SHFE,0_0_      444523,      794692,空,开,4971.0,1,2022-04-13 21:50:46
352,rb2210,SHFE,0_0_      443829,      795293,多,开,4970.0,2,2022-04-13 21:50:48
353,rb2210,SHFE,0_0_      445255,      796691,空,平今,4971.0,1,2022-04-13 21:51:00
354,rb2210,SHFE,0_0_      445255,      796693,空,平今,4971.0,1,2022-04-13 21:51:00
355,rb2210,SHFE,0_0_      446898,      798017,多,平今,4971.0,1,2022-04-13 21:51:08
356,rb2210,SHFE,0_0_      455117,      805623,多,开,4976.000000000001,5,2022-04-13 21:52:05
357,rb2210,SHFE,0_0_      455649,      807294,空,平今,4976.0,1,2022-04-13 21:52:16
358,rb2210,SHFE,0_0_      457423,      808794,多,平今,4977.0,3,2022-04-13 21:52:23
359,rb2210,SHFE,0_0_      458714,      810785,多,开,4977.0,1,2022-04-13 21:52:33
360,rb2210,SHFE,0_0_      459489,      811909,空,平今,4976.0,4,2022-04-13 21:52:38
361,rb2210,SHFE,0_0_      460833,      813317,多,开,4976.0,4,2022-04-13 21:52:51
362,rb2210,SHFE,0_0_      458845,      816132,空,平今,4978.0,1,2022-04-13 21:53:10
363,rb2210,SHFE,0_0_      463446,      816450,多,开,4977.0,2,2022-04-13 21:53:13
364,rb2210,SHFE,0_0_      463807,      816827,空,平今,4978.0,4,2022-04-13 21:53:16
365,rb2210,SHFE,0_0_      464143,      817083,空,平今,4978.0,1,2022-04-13 21:53:18
366,rb2210,SHFE,0_0_      465732,      820379,多,平今,4981.0,2,2022-04-13 21:53:28
367,rb2210,SHFE,0_0_      466022,      820883,空,平今,4982.0,1,2022-04-13 21:53:30
368,rb2210,SHFE,0_0_      466022,      820885,空,平今,4982.0,1,2022-04-13 21:53:30
369,rb2210,SHFE,0_0_      466022,      820886,空,平今,4982.0,1,2022-04-13 21:53:30
370,rb2210,SHFE,0_0_      466251,      821161,空,开,4982.0,4,2022-04-13 21:53:31
371,rb2210,SHFE,0_0_      467172,      822752,空,开,4981.0,2,2022-04-13 21:53:39
372,rb2210,SHFE,0_0_      467172,      822753,空,开,4981.0,1,2022-04-13 21:53:39
373,rb2210,SHFE,0_0_      467602,      822899,多,平今,4981.0,4,2022-04-13 21:53:40
374,rb2210,SHFE,0_0_      467642,      823268,多,开,4981.0,4,2022-04-13 21:53:42
375,rb2210,SHFE,0_0_      471281,      828828,多,平今,4981.0,1,2022-04-13 21:54:18
376,rb2210,SHFE,0_0_      472140,      829209,多,平今,4982.0,2,2022-04-13 21:54:20
377,rb2210,SHFE,0_0_      472367,      829730,多,开,4982.0,1,2022-04-13 21:54:23
378,rb2210,SHFE,0_0_      472728,      831635,空,平今,4983.0,3,2022-04-13 21:54:36
379,rb2210,SHFE,0_0_      473805,      832392,空,开,4983.0,1,2022-04-13 21:54:42
380,rb2210,SHFE,0_0_      473805,      832405,空,开,4983.0,1,2022-04-13 21:54:42
381,rb2210,SHFE,0_0_      473805,      832424,空,开,4983.0,1,2022-04-13 21:54:43
382,rb2210,SHFE,0_0_      474333,      832582,多,平今,4983.0,1,2022-04-13 21:54:44
383,rb2210,SHFE,0_0_      476011,      836914,多,开,4983.0,3,2022-04-13 21:55:08
384,rb2210,SHFE,0_0_      479355,      841568,多,开,4987.0,3,2022-04-13 21:55:27
385,rb2210,SHFE,0_0_      481294,      847205,空,平今,4990.0,5,2022-04-13 21:55:48
386,rb2210,SHFE,0_0_      481603,      847925,多,开,4989.0,2,2022-04-13 21:55:50
387,rb2210,SHFE,0_0_      481603,      847933,多,开,4989.0,2,2022-04-13 21:55:50
388,rb2210,SHFE,0_0_      482195,      849119,空,平今,4990.0,5,2022-04-13 21:55:57
389,rb2210,SHFE,0_0_      482689,      849919,多,开,4990.0,3,2022-04-13 21:56:00
390,rb2210,SHFE,0_0_      482689,      849938,多,开,4990.0,1,2022-04-13 21:56:00
391,rb2210,SHFE,0_0_      482294,      852908,多,开,4989.0,2,2022-04-13 21:56:12
392,rb2210,SHFE,0_0_      484618,      853265,空,平今,4989.0,3,2022-04-13 21:56:15
393,rb2210,SHFE,0_0_      484481,      853466,空,平今,4990.0,4,2022-04-13 21:56:16
394,rb2210,SHFE,0_0_      484866,      853485,多,开,4989.0,4,2022-04-13 21:56:16
395,rb2210,SHFE,0_0_      485240,      854413,空,开,4989.0,2,2022-04-13 21:56:20
396,rb2210,SHFE,0_0_      485506,      854727,多,平今,4988.0,1,2022-04-13 21:56:22
397,rb2210,SHFE,0_0_      485506,      854749,多,平今,4988.0,1,2022-04-13 21:56:22
398,rb2210,SHFE,0_0_      484869,      857565,空,平今,4990.0,1,2022-04-13 21:56:34
399,rb2210,SHFE,0_0_      484869,      857569,空,平今,4990.0,1,2022-04-13 21:56:34
400,rb2210,SHFE,0_0_      484869,      857583,空,平今,4990.0,2,2022-04-13 21:56:34
401,rb2210,SHFE,0_0_      487546,      857902,多,开,4989.0,4,2022-04-13 21:56:36
402,rb2210,SHFE,0_0_      487720,      858122,空,平今,4990.0,1,2022-04-13 21:56:37
403,rb2210,SHFE,0_0_      487768,      860578,多,开,4989.0,3,2022-04-13 21:56:50
404,rb2210,SHFE,0_0_      489164,      860608,空,平今,4990.0,3,2022-04-13 21:56:50
405,rb2210,SHFE,0_0_      489908,      861886,多,开,4990.0,1,2022-04-13 21:57:01
406,rb2210,SHFE,0_0_      489908,      861912,多,开,4990.0,2,2022-04-13 21:57:01
407,rb2210,SHFE,0_0_      489908,      861916,多,开,4990.0,1,2022-04-13 21:57:01
408,rb2210,SHFE,0_0_      496574,      874650,空,平今,4985.0,8,2022-04-13 21:58:11
409,rb2210,SHFE,0_0_      496898,      875030,多,开,4985.0,2,2022-04-13 21:58:14
410,rb2210,SHFE,0_0_      497808,      877550,多,开,4985.0,4,2022-04-13 21:58:32
411,rb2210,SHFE,0_0_      500119,      878637,多,开,4985.0,1,2022-04-13 21:58:41
412,rb2210,SHFE,0_0_      500366,      878642,空,平今,4986.0,1,2022-04-13 21:58:41
413,rb2210,SHFE,0_0_      500390,      879130,多,开,4985.0,1,2022-04-13 21:58:45
414,rb2210,SHFE,0_0_      500870,      879295,空,平今,4986.0,1,2022-04-13 21:58:47
415,rb2210,SHFE,0_0_      503615,      884609,空,平今,4988.0,2,2022-04-13 21:59:33
416,rb2210,SHFE,0_0_      506236,      885152,空,平今,4988.0,2,2022-04-13 21:59:37
417,rb2210,SHFE,0_0_      506328,      885373,多,开,4988.0,4,2022-04-13 21:59:39
418,rb2210,SHFE,0_0_      506287,      885377,空,平今,4989.0,2,2022-04-13 21:59:39
419,rb2210,SHFE,0_0_      506454,      885536,空,平今,4989.0,2,2022-04-13 21:59:40
420,rb2210,SHFE,0_0_      507234,      886676,空,开,4990.0,4,2022-04-13 21:59:49
421,rb2210,SHFE,0_0_      507273,      892751,多,平今,4989.0,1,2022-04-13 22:00:07
422,rb2210,SHFE,0_0_      507273,      892752,多,平今,4989.0,1,2022-04-13 22:00:07
423,rb2210,SHFE,0_0_      507273,      892753,多,平今,4989.0,2,2022-04-13 22:00:07
424,rb2210,SHFE,0_0_      510092,      893118,空,开,4990.0,2,2022-04-13 22:00:10
425,rb2210,SHFE,0_0_      510092,      893127,空,开,4990.0,2,2022-04-13 22:00:10
426,rb2210,SHFE,0_0_      510455,      898965,多,平今,4989.0,5,2022-04-13 22:00:47
427,rb2210,SHFE,0_0_      516552,      899897,空,平今,4990.0,1,2022-04-13 22:00:56
428,rb2210,SHFE,0_0_      506749,      900208,多,开,4988.0,4,2022-04-13 22:00:59
429,rb2210,SHFE,0_0_      516838,      900516,空,平今,4990.0,2,2022-04-13 22:01:01
430,rb2210,SHFE,0_0_      516838,      900552,空,平今,4990.0,1,2022-04-13 22:01:01
431,rb2210,SHFE,0_0_      517192,      900966,多,开,4990.0,4,2022-04-13 22:01:02
432,rb2210,SHFE,0_0_      517339,      907747,空,平今,4991.0,2,2022-04-13 22:01:58
433,rb2210,SHFE,0_0_      512558,      909006,空,平今,4993.0,1,2022-04-13 22:02:03
434,rb2210,SHFE,0_0_      525505,      909857,空,开,4994.0,4,2022-04-13 22:02:07
435,rb2210,SHFE,0_0_      525609,      910612,多,开,4993.0,2,2022-04-13 22:02:11
436,rb2210,SHFE,0_0_      526380,      910940,空,平今,4993.0,1,2022-04-13 22:02:13
437,rb2210,SHFE,0_0_      526380,      910941,空,平今,4993.0,1,2022-04-13 22:02:13
438,rb2210,SHFE,0_0_      527199,      911745,多,平今,4992.0,2,2022-04-13 22:02:19
439,rb2210,SHFE,0_0_      526821,      911952,空,平今,4993.0,1,2022-04-13 22:02:22
440,rb2210,SHFE,0_0_      527384,      912095,多,平今,4992.0,1,2022-04-13 22:02:23
441,rb2210,SHFE,0_0_      528074,      912990,空,开,4993.0,3,2022-04-13 22:02:32
442,rb2210,SHFE,0_0_      528074,      912995,空,开,4993.0,1,2022-04-13 22:02:32
443,rb2210,SHFE,0_0_      528913,      914345,多,开,4993.0,3,2022-04-13 22:02:43
444,rb2210,SHFE,0_0_      529014,      914419,空,平今,4994.0,4,2022-04-13 22:02:44
445,rb2210,SHFE,0_0_      529070,      914725,多,开,4993.0,1,2022-04-13 22:02:46
446,rb2210,SHFE,0_0_      529070,      914809,多,开,4993.0,3,2022-04-13 22:02:46
447,rb2210,SHFE,0_0_      528205,      915161,多,平今,4992.0,4,2022-04-13 22:02:50
448,rb2210,SHFE,0_0_      530468,      915795,空,平今,4993.0,1,2022-04-13 22:02:56
449,rb2210,SHFE,0_0_      528239,      916156,多,平今,4992.0,1,2022-04-13 22:02:58
450,rb2210,SHFE,0_0_      531204,      917031,多,开,4993.0,2,2022-04-13 22:03:01
451,rb2210,SHFE,0_0_      529821,      918850,多,平今,4992.0,1,2022-04-13 22:03:11
452,rb2210,SHFE,0_0_      533671,      919615,空,平今,4991.0,1,2022-04-13 22:03:16
453,rb2210,SHFE,0_0_      533930,      919982,空,开,4991.0,4,2022-04-13 22:03:20
454,rb2210,SHFE,0_0_      534191,      920052,多,平今,4990.0,4,2022-04-13 22:03:20
455,rb2210,SHFE,0_0_      535008,      921230,空,开,4988.0,4,2022-04-13 22:03:25
456,rb2210,SHFE,0_0_      534196,      929002,空,开,4991.0,4,2022-04-13 22:04:22
457,rb2210,SHFE,0_0_      542967,      929104,多,平今,4990.0,4,2022-04-13 22:04:23
458,rb2210,SHFE,0_0_      544409,      932545,多,平今,4990.0,1,2022-04-13 22:04:55
459,rb2210,SHFE,0_0_      546533,      932673,空,开,4991.0,1,2022-04-13 22:04:56
460,rb2210,SHFE,0_0_      547411,      933789,多,平今,4990.0,1,2022-04-13 22:05:04
461,rb2210,SHFE,0_0_      532739,      935366,空,平今,4994.0,5,2022-04-13 22:05:17
462,rb2210,SHFE,0_0_      549320,      935692,多,平今,4994.0,1,2022-04-13 22:05:18
463,rb2210,SHFE,0_0_      550226,      936976,空,开,4994.0,1,2022-04-13 22:05:23
464,rb2210,SHFE,0_0_      554813,      942454,多,开,4992.0,4,2022-04-13 22:06:05
465,rb2210,SHFE,0_0_      556394,      943324,空,开,4993.0,2,2022-04-13 22:06:10
466,rb2210,SHFE,0_0_      556394,      943325,空,开,4993.0,1,2022-04-13 22:06:10
467,rb2210,SHFE,0_0_      556394,      943326,空,开,4993.0,1,2022-04-13 22:06:10
468,rb2210,SHFE,0_0_      556394,      943327,空,开,4993.0,1,2022-04-13 22:06:10
469,rb2210,SHFE,0_0_      558332,      944092,空,平今,4991.0,1,2022-04-13 22:06:17
470,rb2210,SHFE,0_0_      558332,      944107,空,平今,4991.0,1,2022-04-13 22:06:17
471,rb2210,SHFE,0_0_      558332,      944114,空,平今,4991.0,2,2022-04-13 22:06:17
472,rb2210,SHFE,0_0_      558506,      944377,多,平今,4990.0,4,2022-04-13 22:06:18
473,rb2210,SHFE,0_0_      558744,      944887,多,平今,4990.0,4,2022-04-13 22:06:23
474,rb2210,SHFE,0_0_      559483,      944976,空,开,4991.0,4,2022-04-13 22:06:24
475,rb2210,SHFE,0_0_      560009,      945513,空,开,4990.0,1,2022-04-13 22:06:30
476,rb2210,SHFE,0_0_      560300,      945722,多,开,4989.0,6,2022-04-13 22:06:33
477,rb2210,SHFE,0_0_      562734,      948105,多,平今,4987.0,1,2022-04-13 22:06:54
478,rb2210,SHFE,0_0_      502015,      948646,多,开,4985.0,2,2022-04-13 22:06:58
479,rb2210,SHFE,0_0_      565427,      954763,空,平今,4985.0,4,2022-04-13 22:07:33
480,rb2210,SHFE,0_0_      566658,      954836,多,平今,4984.0,4,2022-04-13 22:07:33
481,rb2210,SHFE,0_0_      566675,      955007,空,开,4985.0,4,2022-04-13 22:07:33
482,rb2210,SHFE,0_0_      567952,      956443,空,开,4983.0,4,2022-04-13 22:07:48
483,rb2210,SHFE,0_0_      567963,      957328,空,平今,4983.0,1,2022-04-13 22:07:55
484,rb2210,SHFE,0_0_      567963,      957418,空,平今,4983.0,1,2022-04-13 22:07:56
485,rb2210,SHFE,0_0_      568453,      957852,多,平今,4982.0,1,2022-04-13 22:07:59
486,rb2210,SHFE,0_0_      568453,      957856,多,平今,4982.0,1,2022-04-13 22:07:59
487,rb2210,SHFE,0_0_      570554,      961882,多,平今,4980.0,2,2022-04-13 22:08:28
488,rb2210,SHFE,0_0_      570554,      961884,多,平今,4980.0,1,2022-04-13 22:08:28
489,rb2210,SHFE,0_0_      570554,      961887,多,平今,4980.0,1,2022-04-13 22:08:28
490,rb2210,SHFE,0_0_      570554,      961892,多,平今,4980.0,1,2022-04-13 22:08:28
491,rb2210,SHFE,0_0_      570554,      961896,多,平今,4980.0,1,2022-04-13 22:08:28
492,rb2210,SHFE,0_0_      571065,      962459,空,开,4980.0,2,2022-04-13 22:08:34
493,rb2210,SHFE,0_0_      571065,      962495,空,开,4980.0,1,2022-04-13 22:08:34
494,rb2210,SHFE,0_0_      571065,      962522,空,开,4980.0,1,2022-04-13 22:08:34
495,rb2210,SHFE,0_0_      571292,      962775,多,平今,4979.0,2,2022-04-13 22:08:36
496,rb2210,SHFE,0_0_      572194,      963726,空,开,4980.0,1,2022-04-13 22:08:40
497,rb2210,SHFE,0_0_      570666,      965068,空,开,4981.0,2,2022-04-13 22:08:49
498,rb2210,SHFE,0_0_      573236,      965114,多,开,4980.0,5,2022-04-13 22:08:49
499,rb2210,SHFE,0_0_      573423,      965567,空,平今,4979.0,1,2022-04-13 22:08:51
500,rb2210,SHFE,0_0_      573423,      965568,空,平今,4979.0,1,2022-04-13 22:08:51
501,rb2210,SHFE,0_0_      573423,      965569,空,平今,4979.0,1,2022-04-13 22:08:51
502,rb2210,SHFE,0_0_      573423,      965570,空,平今,4979.0,1,2022-04-13 22:08:51
503,rb2210,SHFE,0_0_      575069,      969199,多,平今,4978.0,1,2022-04-13 22:09:14
504,rb2210,SHFE,0_0_      576211,      969338,多,开,4978.0,3,2022-04-13 22:09:15
505,rb2210,SHFE,0_0_      576211,      969343,多,开,4978.0,2,2022-04-13 22:09:15
506,rb2210,SHFE,0_0_      576876,      970676,空,开,4978.0,1,2022-04-13 22:09:27
507,rb2210,SHFE,0_0_      576876,      970692,空,开,4978.0,1,2022-04-13 22:09:27
508,rb2210,SHFE,0_0_      576876,      970694,空,开,4978.0,1,2022-04-13 22:09:27
509,rb2210,SHFE,0_0_      576876,      970746,空,开,4978.0,1,2022-04-13 22:09:27
510,rb2210,SHFE,0_0_      577490,      971801,空,平今,4978.0,1,2022-04-13 22:09:35
511,rb2210,SHFE,0_0_      577490,      971803,空,平今,4978.0,1,2022-04-13 22:09:35
512,rb2210,SHFE,0_0_      577490,      971835,空,平今,4978.0,1,2022-04-13 22:09:35
513,rb2210,SHFE,0_0_      577490,      971846,空,平今,4978.0,1,2022-04-13 22:09:35
514,rb2210,SHFE,0_0_      579202,      972918,多,平今,4978.0,8,2022-04-13 22:09:44
515,rb2210,SHFE,0_0_      580078,      974054,空,开,4978.0,1,2022-04-13 22:09:52
516,rb2210,SHFE,0_0_      576482,      974674,空,平今,4979.0,3,2022-04-13 22:09:58
517,rb2210,SHFE,0_0_      581109,      974708,多,开,4978.0,1,2022-04-13 22:09:58
518,rb2210,SHFE,0_0_      581109,      974713,多,开,4978.0,1,2022-04-13 22:09:58
519,rb2210,SHFE,0_0_      581109,      974755,多,开,4978.0,1,2022-04-13 22:09:59
520,rb2210,SHFE,0_0_      573245,      976738,空,平今,4981.0,1,2022-04-13 22:10:12
521,rb2210,SHFE,0_0_      584613,      979113,空,开,4980.0,4,2022-04-13 22:10:28
522,rb2210,SHFE,0_0_      588245,      983133,多,平今,4981.0,4,2022-04-13 22:10:58
523,rb2210,SHFE,0_0_      589693,      985161,多,开,4979.0,3,2022-04-13 22:11:10
524,rb2210,SHFE,0_0_      581222,      985270,多,平今,4978.0,1,2022-04-13 22:11:11
525,rb2210,SHFE,0_0_      590366,      985809,多,开,4978.000000000001,1,2022-04-13 22:11:14
526,rb2210,SHFE,0_0_      610089,     1007661,空,平今,4976.0,1,2022-04-13 22:14:24
527,rb2210,SHFE,0_0_      610089,     1007664,空,平今,4976.0,1,2022-04-13 22:14:24
528,rb2210,SHFE,0_0_      610089,     1007684,空,平今,4976.0,2,2022-04-13 22:14:24
529,rb2210,SHFE,0_0_      611730,     1009215,空,平今,4975.0,2,2022-04-13 22:14:35
530,rb2210,SHFE,0_0_      613149,     1011022,多,开,4976.0,3,2022-04-13 22:14:43
531,rb2210,SHFE,0_0_      613339,     1011128,空,开,4977.0,1,2022-04-13 22:14:44
532,rb2210,SHFE,0_0_      613339,     1011148,空,开,4977.0,3,2022-04-13 22:14:44
533,rb2210,SHFE,0_0_      614847,     1012620,多,平今,4976.0,3,2022-04-13 22:14:58
534,rb2210,SHFE,0_0_      614895,     1013071,空,平今,4977.0,3,2022-04-13 22:15:01
535,rb2210,SHFE,0_0_      615489,     1013442,多,平今,4977.0,1,2022-04-13 22:15:03
536,rb2210,SHFE,0_0_      615871,     1014058,多,开,4977.0,1,2022-04-13 22:15:08
537,rb2210,SHFE,0_0_      622083,     1020962,多,开,4975.0,1,2022-04-13 22:15:50
538,rb2210,SHFE,0_0_      622083,     1020978,多,开,4975.0,1,2022-04-13 22:15:50
539,rb2210,SHFE,0_0_      622083,     1020982,多,开,4975.0,1,2022-04-13 22:15:50
540,rb2210,SHFE,0_0_      619480,     1021313,空,平今,4976.0,1,2022-04-13 22:15:51
541,rb2210,SHFE,0_0_      622802,     1023119,空,开,4976.0,4,2022-04-13 22:16:04
542,rb2210,SHFE,0_0_      616521,     1024017,空,开,4977.0,4,2022-04-13 22:16:08
543,rb2210,SHFE,0_0_      625176,     1024170,多,平今,4976.0,1,2022-04-13 22:16:08
544,rb2210,SHFE,0_0_      625176,     1024183,多,平今,4976.0,1,2022-04-13 22:16:08
545,rb2210,SHFE,0_0_      625176,     1024184,多,平今,4976.0,2,2022-04-13 22:16:08
546,rb2210,SHFE,0_0_      625320,     1024581,空,开,4977.0,4,2022-04-13 22:16:12
547,rb2210,SHFE,0_0_      627587,     1026914,多,开,4979.0,4,2022-04-13 22:16:31
548,rb2210,SHFE,0_0_      627790,     1026938,多,平今,4980.0,1,2022-04-13 22:16:32
549,rb2210,SHFE,0_0_      627790,     1026939,多,平今,4980.0,2,2022-04-13 22:16:32
550,rb2210,SHFE,0_0_      626857,     1027758,多,平今,4977.0,1,2022-04-13 22:16:37
551,rb2210,SHFE,0_0_      625750,     1027906,多,平今,4976.0,2,2022-04-13 22:16:38
552,rb2210,SHFE,0_0_      625750,     1027907,多,平今,4976.0,2,2022-04-13 22:16:38
553,rb2210,SHFE,0_0_      628194,     1028752,空,平今,4979.0,7,2022-04-13 22:16:46
554,rb2210,SHFE,0_0_      630241,     1029886,多,开,4979.0,3,2022-04-13 22:17:00
555,rb2210,SHFE,0_0_      630241,     1029887,多,开,4979.0,1,2022-04-13 22:17:00
556,rb2210,SHFE,0_0_      630752,     1030621,空,开,4980.0,4,2022-04-13 22:17:05
557,rb2210,SHFE,0_0_      630752,     1030627,空,开,4980.0,4,2022-04-13 22:17:05
558,rb2210,SHFE,0_0_      604536,     1031822,空,平今,4982.000000000001,1,2022-04-13 22:17:13
559,rb2210,SHFE,0_0_      634492,     1044248,空,平今,4982.0,1,2022-04-13 22:19:31
560,rb2210,SHFE,0_0_      634492,     1044253,空,平今,4982.0,1,2022-04-13 22:19:31
561,rb2210,SHFE,0_0_      634492,     1044257,空,平今,4982.0,1,2022-04-13 22:19:31
562,rb2210,SHFE,0_0_      634492,     1044325,空,平今,4982.0,1,2022-04-13 22:19:32
563,rb2210,SHFE,0_0_      645804,     1044410,多,平今,4981.0,1,2022-04-13 22:19:33
564,rb2210,SHFE,0_0_      645850,     1044571,多,平今,4981.0,2,2022-04-13 22:19:35
565,rb2210,SHFE,0_0_      647596,     1045859,空,开,4982.0,1,2022-04-13 22:19:56
566,rb2210,SHFE,0_0_      647653,     1046239,空,开,4982.0,1,2022-04-13 22:20:01
567,rb2210,SHFE,0_0_      658450,     1056680,多,平今,4976.0,3,2022-04-13 22:21:43
568,rb2210,SHFE,0_0_      673227,     1073926,多,开,4980.0,1,2022-04-13 22:24:31
569,rb2210,SHFE,0_0_      673227,     1073975,多,开,4980.0,1,2022-04-13 22:24:31
570,rb2210,SHFE,0_0_      673113,     1079103,多,开,4978.0,1,2022-04-13 22:25:43
571,rb2210,SHFE,0_0_      673113,     1079141,多,开,4978.0,3,2022-04-13 22:25:44
572,rb2210,SHFE,0_0_      669604,     1079373,多,平今,4977.0,4,2022-04-13 22:25:48
573,rb2210,SHFE,0_0_      681910,     1080638,空,平今,4979.0,3,2022-04-13 22:26:04
574,rb2210,SHFE,0_0_      682911,     1080874,空,平今,4979.0,1,2022-04-13 22:26:09
575,rb2210,SHFE,0_0_      683666,     1081327,空,平今,4979.0,1,2022-04-13 22:26:19
576,rb2210,SHFE,0_0_      685813,     1083344,空,平今,4979.0,1,2022-04-13 22:26:54
577,rb2210,SHFE,0_0_      705773,     1102718,空,开,4975.0,4,2022-04-13 22:30:06
578,rb2210,SHFE,0_0_      706587,     1104703,多,平今,4974.0,4,2022-04-13 22:30:10
579,rb2210,SHFE,0_0_      707386,     1105744,空,开,4975.0,4,2022-04-13 22:30:12
580,rb2210,SHFE,0_0_      709150,     1109195,多,平今,4971.000000000001,2,2022-04-13 22:30:20
581,rb2210,SHFE,0_0_      709150,     1109205,多,平今,4971.0,1,2022-04-13 22:30:20
582,rb2210,SHFE,0_0_      709150,     1109215,多,平今,4971.0,1,2022-04-13 22:30:20
583,rb2210,SHFE,0_0_      709203,     1109265,多,开,4971.0,1,2022-04-13 22:30:20
584,rb2210,SHFE,0_0_      709203,     1109268,多,开,4971.0,3,2022-04-13 22:30:20
585,rb2210,SHFE,0_0_      709392,     1109966,空,开,4970.0,4,2022-04-13 22:30:22
586,rb2210,SHFE,0_0_      710924,     1114041,多,平今,4967.0,3,2022-04-13 22:30:32
587,rb2210,SHFE,0_0_      711061,     1120173,空,开,4968.0,3,2022-04-13 22:30:43
588,rb2210,SHFE,0_0_      714121,     1122752,多,平今,4968.0,3,2022-04-13 22:30:49
589,rb2210,SHFE,0_0_      720025,     1135951,多,平今,4969.000000000001,1,2022-04-13 22:31:23
590,rb2210,SHFE,0_0_      721574,     1139681,空,开,4969.0,3,2022-04-13 22:31:39
591,rb2210,SHFE,0_0_      721574,     1139682,空,开,4969.0,1,2022-04-13 22:31:39
592,rb2210,SHFE,0_0_      708058,     1148611,空,开,4974.0,4,2022-04-13 22:32:18
593,rb2210,SHFE,0_0_      727222,     1148678,多,平今,4973.0,1,2022-04-13 22:32:18
594,rb2210,SHFE,0_0_      727222,     1148718,多,平今,4973.0,1,2022-04-13 22:32:19
595,rb2210,SHFE,0_0_      727222,     1148720,多,平今,4973.0,1,2022-04-13 22:32:19
596,rb2210,SHFE,0_0_      727222,     1148823,多,平今,4973.0,1,2022-04-13 22:32:19
597,rb2210,SHFE,0_0_      729361,     1151267,多,开,4975.0,1,2022-04-13 22:32:33
598,rb2210,SHFE,0_0_      730417,     1152647,空,平今,4974.0,1,2022-04-13 22:32:41
599,rb2210,SHFE,0_0_      731013,     1152895,多,开,4973.0,1,2022-04-13 22:32:41
600,rb2210,SHFE,0_0_      731188,     1153811,空,平今,4974.0,1,2022-04-13 22:32:45
601,rb2210,SHFE,0_0_      732866,     1154461,空,平今,4972.0,1,2022-04-13 22:32:48
602,rb2210,SHFE,0_0_      732867,     1155178,空,开,4973.0,2,2022-04-13 22:32:53
603,rb2210,SHFE,0_0_      732867,     1155187,空,开,4973.0,1,2022-04-13 22:32:53
604,rb2210,SHFE,0_0_      732867,     1155208,空,开,4973.0,1,2022-04-13 22:32:53
605,rb2210,SHFE,0_0_      743731,     1167662,多,平今,4976.0,1,2022-04-13 22:34:08
606,rb2210,SHFE,0_0_      758968,     1184443,空,平今,4983.0,1,2022-04-13 22:35:36
607,rb2210,SHFE,0_0_      759776,     1185679,空,平今,4982.0,1,2022-04-13 22:35:42
608,rb2210,SHFE,0_0_      765649,     1191620,多,平今,4981.0,1,2022-04-13 22:36:30
609,rb2210,SHFE,0_0_      765649,     1191717,多,平今,4981.0,3,2022-04-13 22:36:30
610,rb2210,SHFE,0_0_      779542,     1204276,多,平今,4983.0,3,2022-04-13 22:38:02
611,rb2210,SHFE,0_0_      781420,     1205644,多,开,4983.0,1,2022-04-13 22:38:14
612,rb2210,SHFE,0_0_      781948,     1209171,空,开,4982.0,4,2022-04-13 22:38:54
613,rb2210,SHFE,0_0_      781948,     1209178,空,开,4982.0,1,2022-04-13 22:38:54
614,rb2210,SHFE,0_0_      781948,     1209190,空,开,4982.0,1,2022-04-13 22:38:54
615,rb2210,SHFE,0_0_      781948,     1209224,空,开,4982.0,1,2022-04-13 22:38:55
616,rb2210,SHFE,0_0_      781948,     1209350,空,开,4982.0,1,2022-04-13 22:38:57
617,rb2210,SHFE,0_0_      786278,     1209453,多,平今,4981.0,1,2022-04-13 22:38:59
618,rb2210,SHFE,0_0_      787175,     1210219,多,平今,4981.000000000001,2,2022-04-13 22:39:06
619,rb2210,SHFE,0_0_      786047,     1211046,多,平今,4980.0,1,2022-04-13 22:39:14
620,rb2210,SHFE,0_0_      789453,     1212258,多,平今,4981.0,2,2022-04-13 22:39:35
621,rb2210,SHFE,0_0_      826678,     1244161,多,开,4980.0,4,2022-04-13 22:45:04
622,rb2210,SHFE,0_0_      833195,     1250004,空,开,4980.0,4,2022-04-13 22:46:04
623,rb2210,SHFE,0_0_      832272,     1250314,空,平今,4981.0,4,2022-04-13 22:46:07
624,rb2210,SHFE,0_0_      838779,     1254990,空,平今,4977.0,1,2022-04-13 22:46:46
625,rb2210,SHFE,0_0_      842519,     1261676,空,平今,4979.0,1,2022-04-13 22:48:01
626,rb2210,SHFE,0_0_      846872,     1262294,多,平今,4978.0,5,2022-04-13 22:48:07
627,rb2210,SHFE,0_0_      862702,     1278676,空,开,4974.0,2,2022-04-13 22:51:00
628,rb2210,SHFE,0_0_      881877,     1296902,空,开,4972.0,1,2022-04-13 22:53:31
629,rb2210,SHFE,0_0_      883347,     1298375,多,平今,4971.0,1,2022-04-13 22:53:45
630,rb2210,SHFE,0_0_      884372,     1299401,空,开,4970.0,1,2022-04-13 22:53:54
631,rb2210,SHFE,0_0_      884372,     1299404,空,开,4970.0,1,2022-04-13 22:53:54
632,rb2210,SHFE,0_0_      884630,     1299622,多,平今,4969.0,1,2022-04-13 22:53:56
633,rb2210,SHFE,0_0_      884630,     1299626,多,平今,4969.0,1,2022-04-13 22:53:56
634,rb2210,SHFE,0_0_      884727,     1300079,多,平今,4969.0,1,2022-04-13 22:54:00
635,rb2210,SHFE,0_0_      884990,     1300329,空,开,4970.000000000001,2,2022-04-13 22:54:01
636,rb2210,SHFE,0_0_      884990,     1300330,空,开,4970.000000000001,1,2022-04-13 22:54:01
637,rb2210,SHFE,0_0_      885270,     1300869,多,平今,4969.0,1,2022-04-13 22:54:03
638,rb2210,SHFE,0_0_      888252,     1303709,多,开,4971.0,2,2022-04-13 22:54:26
639,rb2210,SHFE,0_0_      888802,     1303960,空,平今,4970.0,1,2022-04-13 22:54:28
640,rb2210,SHFE,0_0_      885602,     1304190,多,平今,4969.0,4,2022-04-13 22:54:32
641,rb2210,SHFE,0_0_      889333,     1304456,空,开,4970.0,3,2022-04-13 22:54:34
642,rb2210,SHFE,0_0_      889333,     1304520,空,开,4970.0,1,2022-04-13 22:54:35
643,rb2210,SHFE,0_0_      889641,     1304630,多,平今,4969.0,1,2022-04-13 22:54:35
644,rb2210,SHFE,0_0_      889904,     1305793,空,开,4969.0,4,2022-04-13 22:54:40
645,rb2210,SHFE,0_0_      889668,     1307232,空,平今,4970.0,1,2022-04-13 22:54:48
646,rb2210,SHFE,0_0_      891279,     1307375,多,平今,4969.0,1,2022-04-13 22:54:49
647,rb2210,SHFE,0_0_      899597,     1317530,空,开,4970.0,1,2022-04-13 22:56:31
648,rb2210,SHFE,0_0_      900971,     1318462,多,平今,4971.0,1,2022-04-13 22:56:40
649,rb2210,SHFE,0_0_      900971,     1318468,多,平今,4971.0,1,2022-04-13 22:56:40
650,rb2210,SHFE,0_0_      901095,     1319284,多,平今,4971.0,2,2022-04-13 22:56:49
651,rb2210,SHFE,0_0_      907199,     1323755,空,开,4969.0,4,2022-04-13 22:57:31
652,rb2210,SHFE,0_0_      907245,     1323892,多,平今,4968.000000000001,1,2022-04-13 22:57:31
653,rb2210,SHFE,0_0_      907492,     1324078,多,平今,4968.0,4,2022-04-13 22:57:33
654,rb2210,SHFE,0_0_      907711,     1324424,空,开,4969.0,1,2022-04-13 22:57:35
655,rb2210,SHFE,0_0_      908810,     1325811,多,开,4968.0,1,2022-04-13 22:57:49
656,rb2210,SHFE,0_0_      908810,     1325814,多,开,4968.0,3,2022-04-13 22:57:49
657,rb2210,SHFE,0_0_      911707,     1330542,空,平今,4967.0,2,2022-04-13 22:58:24
658,rb2210,SHFE,0_0_      912555,     1330591,多,开,4966.0,5,2022-04-13 22:58:25
659,rb2210,SHFE,0_0_      912555,     1330625,多,开,4966.0,1,2022-04-13 22:58:25
660,rb2210,SHFE,0_0_     1125802,     1555423,多,平今,4983.0,1,2022-04-14 09:00:26
661,rb2210,SHFE,0_0_     1125853,     1555854,空,平今,4983.0,1,2022-04-14 09:00:27
662,rb2210,SHFE,0_0_     1125853,     1555859,空,平今,4983.0,1,2022-04-14 09:00:27
663,rb2210,SHFE,0_0_     1125972,     1556922,空,平今,4982.0,1,2022-04-14 09:00:29
664,rb2210,SHFE,0_0_     1125972,     1556925,空,平今,4982.0,1,2022-04-14 09:00:29
665,rb2210,SHFE,0_0_     1125972,     1556932,空,平今,4982.0,2,2022-04-14 09:00:29
666,rb2210,SHFE,0_0_     1126300,     1559204,空,平今,4980.0,1,2022-04-14 09:00:35
667,rb2210,SHFE,0_0_     1126325,     1559548,多,开,4978.0,4,2022-04-14 09:00:36
668,rb2210,SHFE,0_0_     1126517,     1561915,空,平今,4981.0,4,2022-04-14 09:00:44
669,rb2210,SHFE,0_0_     1126609,     1562469,多,开,4980.0,4,2022-04-14 09:00:46
670,rb2210,SHFE,0_0_     1126685,     1562676,空,平今,4981.0,4,2022-04-14 09:00:46
671,rb2210,SHFE,0_0_     1126699,     1562796,多,开,4980.0,4,2022-04-14 09:00:47
672,rb2210,SHFE,0_0_     1126727,     1562863,空,平今,4981.0,4,2022-04-14 09:00:47
673,rb2210,SHFE,0_0_     1126807,     1563614,空,开,4981.0,6,2022-04-14 09:00:49
674,rb2210,SHFE,0_0_     1126728,     1563660,多,开,4980.0,4,2022-04-14 09:00:49
675,rb2210,SHFE,0_0_     1126945,     1565606,多,平今,4981.0,1,2022-04-14 09:00:55
676,rb2210,SHFE,0_0_     1126945,     1565611,多,平今,4981.0,1,2022-04-14 09:00:55
677,rb2210,SHFE,0_0_     1126945,     1565612,多,平今,4981.0,1,2022-04-14 09:00:55
678,rb2210,SHFE,0_0_     1127271,     1567937,多,开,4983.0,3,2022-04-14 09:01:03
679,rb2210,SHFE,0_0_     1127488,     1570181,空,平今,4984.0,4,2022-04-14 09:01:08
680,rb2210,SHFE,0_0_     1127535,     1571155,空,平今,4984.0,3,2022-04-14 09:01:10
681,rb2210,SHFE,0_0_     1127647,     1571189,多,开,4983.0,3,2022-04-14 09:01:10
682,rb2210,SHFE,0_0_     1126858,     1575226,多,平今,4980.0,4,2022-04-14 09:01:24
683,rb2210,SHFE,0_0_     1128075,     1575242,空,开,4981.0,7,2022-04-14 09:01:24
684,rb2210,SHFE,0_0_     1127987,     1575639,空,平今,4982.0,4,2022-04-14 09:01:25
685,rb2210,SHFE,0_0_     1128120,     1576072,多,平今,4981.0,1,2022-04-14 09:01:27
686,rb2210,SHFE,0_0_     1128120,     1576078,多,平今,4981.0,1,2022-04-14 09:01:27
687,rb2210,SHFE,0_0_     1128120,     1576220,多,平今,4981.0,1,2022-04-14 09:01:27
688,rb2210,SHFE,0_0_     1128120,     1576316,多,平今,4981.0,1,2022-04-14 09:01:27
689,rb2210,SHFE,0_0_     1128176,     1577124,多,平今,4981.0,4,2022-04-14 09:01:30
690,rb2210,SHFE,0_0_     1128349,     1579279,空,开,4982.0,4,2022-04-14 09:01:37
691,rb2210,SHFE,0_0_     1128788,     1581133,多,开,4983.0,8,2022-04-14 09:01:44
692,rb2210,SHFE,0_0_     1128980,     1584515,空,平今,4983.0,2,2022-04-14 09:02:00
693,rb2210,SHFE,0_0_     1128980,     1584572,空,平今,4983.0,2,2022-04-14 09:02:00
694,rb2210,SHFE,0_0_     1129388,     1584607,多,平今,4982.0,4,2022-04-14 09:02:00
695,rb2210,SHFE,0_0_     1129389,     1594796,空,平今,4983.0,4,2022-04-14 09:02:40
696,rb2210,SHFE,0_0_     1130852,     1595098,多,开,4982.0,2,2022-04-14 09:02:42
697,rb2210,SHFE,0_0_     1130852,     1595189,多,开,4982.0,1,2022-04-14 09:02:42
698,rb2210,SHFE,0_0_     1130852,     1595190,多,开,4982.0,1,2022-04-14 09:02:42
699,rb2210,SHFE,0_0_     1130935,     1595211,空,平今,4983.0,1,2022-04-14 09:02:42
700,rb2210,SHFE,0_0_     1130935,     1595238,空,平今,4983.0,1,2022-04-14 09:02:43
701,rb2210,SHFE,0_0_     1131045,     1596416,多,开,4982.0,1,2022-04-14 09:02:48
702,rb2210,SHFE,0_0_     1132042,     1598576,空,平今,4982.0,1,2022-04-14 09:03:00
703,rb2210,SHFE,0_0_     1132349,     1599384,空,开,4981.0,4,2022-04-14 09:03:04
704,rb2210,SHFE,0_0_     1132349,     1599385,空,开,4981.0,4,2022-04-14 09:03:04
705,rb2210,SHFE,0_0_     1130053,     1600116,多,开,4979.0,4,2022-04-14 09:03:07
706,rb2210,SHFE,0_0_     1137037,     1612681,多,平今,4972.0,2,2022-04-14 09:04:15
707,rb2210,SHFE,0_0_     1139897,     1621516,多,平今,4965.0,1,2022-04-14 09:04:52
708,rb2210,SHFE,0_0_     1139922,     1621840,空,平今,4966.0,1,2022-04-14 09:04:54
709,rb2210,SHFE,0_0_     1143623,     1627915,多,平今,4974.0,2,2022-04-14 09:05:21
710,rb2210,SHFE,0_0_     1144370,     1629275,空,平今,4975.0,1,2022-04-14 09:05:27
711,rb2210,SHFE,0_0_     1146266,     1634905,多,平今,4973.0,1,2022-04-14 09:05:52
712,rb2210,SHFE,0_0_     1146266,     1634920,多,平今,4973.0,1,2022-04-14 09:05:52
713,rb2210,SHFE,0_0_     1147138,     1635868,空,平今,4974.0,2,2022-04-14 09:05:59
714,rb2210,SHFE,0_0_     1176724,     1668820,多,开,4968.000000000001,3,2022-04-14 09:09:41
715,rb2210,SHFE,0_0_     1184918,     1681163,空,开,4959.0,7,2022-04-14 09:10:47
716,rb2210,SHFE,0_0_     1189582,     1687804,多,平今,4957.0,2,2022-04-14 09:11:19
717,rb2210,SHFE,0_0_     1189582,     1687805,多,平今,4957.0,1,2022-04-14 09:11:19
718,rb2210,SHFE,0_0_     1189582,     1687882,多,平今,4957.0,1,2022-04-14 09:11:20
719,rb2210,SHFE,0_0_     1189582,     1687974,多,平今,4957.0,3,2022-04-14 09:11:20
720,rb2210,SHFE,0_0_     1190019,     1688315,空,开,4958.0,3,2022-04-14 09:11:22
721,rb2210,SHFE,0_0_     1191039,     1689486,多,平今,4959.0,4,2022-04-14 09:11:29
722,rb2210,SHFE,0_0_     1192080,     1690179,空,开,4958.0,3,2022-04-14 09:11:35
723,rb2210,SHFE,0_0_     1193916,     1691707,空,开,4959.0,4,2022-04-14 09:11:50
724,rb2210,SHFE,0_0_     1194187,     1692444,多,平今,4959.0,2,2022-04-14 09:11:55
725,rb2210,SHFE,0_0_     1197344,     1695194,多,平今,4964.000000000001,5,2022-04-14 09:12:12
726,rb2210,SHFE,0_0_     1183478,     1695295,空,平今,4965.0,1,2022-04-14 09:12:13
727,rb2210,SHFE,0_0_     1183478,     1695366,空,平今,4965.0,3,2022-04-14 09:12:13
728,rb2210,SHFE,0_0_     1197707,     1695760,空,开,4965.0,1,2022-04-14 09:12:17
729,rb2210,SHFE,0_0_     1197707,     1695768,空,开,4965.0,1,2022-04-14 09:12:17
730,rb2210,SHFE,0_0_     1197554,     1696208,多,开,4964.0,1,2022-04-14 09:12:22
731,rb2210,SHFE,0_0_     1199175,     1697126,空,开,4961.0,2,2022-04-14 09:12:28
732,rb2210,SHFE,0_0_     1199175,     1697128,空,开,4961.0,1,2022-04-14 09:12:28
733,rb2210,SHFE,0_0_     1199175,     1697131,空,开,4961.0,1,2022-04-14 09:12:28
734,rb2210,SHFE,0_0_     1200187,     1699059,多,平今,4961.0,1,2022-04-14 09:12:45
735,rb2210,SHFE,0_0_     1202931,     1700916,多,平今,4962.0,1,2022-04-14 09:13:03
736,rb2210,SHFE,0_0_     1203692,     1701578,多,平今,4962.0,1,2022-04-14 09:13:08
737,rb2210,SHFE,0_0_     1210123,     1710726,多,开,4961.0,2,2022-04-14 09:14:20
738,rb2210,SHFE,0_0_     1210123,     1710738,多,开,4961.0,2,2022-04-14 09:14:20
739,rb2210,SHFE,0_0_     1209302,     1712923,多,平今,4959.0,2,2022-04-14 09:14:37
740,rb2210,SHFE,0_0_     1214343,     1713372,空,平今,4960.0,4,2022-04-14 09:14:42
741,rb2210,SHFE,0_0_     1214844,     1713901,空,平今,4960.0,1,2022-04-14 09:14:46
742,rb2210,SHFE,0_0_     1224082,     1725856,多,开,4963.0,1,2022-04-14 09:16:01
743,rb2210,SHFE,0_0_     1224082,     1725857,多,开,4963.0,1,2022-04-14 09:16:01
744,rb2210,SHFE,0_0_     1247998,     1748996,多,平今,4972.0,1,2022-04-14 09:19:02
745,rb2210,SHFE,0_0_     1254248,     1756749,多,开,4968.0,3,2022-04-14 09:20:01
746,rb2210,SHFE,0_0_     1258714,     1764387,空,平今,4967.0,2,2022-04-14 09:20:53
747,rb2210,SHFE,0_0_     1259746,     1764441,多,开,4966.0,3,2022-04-14 09:20:53
748,rb2210,SHFE,0_0_     1259763,     1768523,空,平今,4967.0,1,2022-04-14 09:21:14
749,rb2210,SHFE,0_0_     1259763,     1768763,空,平今,4967.0,2,2022-04-14 09:21:16
750,rb2210,SHFE,0_0_     1264275,     1773651,空,平今,4968.0,1,2022-04-14 09:21:55
751,rb2210,SHFE,0_0_     1267708,     1775537,多,开,4972.000000000001,3,2022-04-14 09:22:06
752,rb2210,SHFE,0_0_     1272475,     1787824,空,平今,4976.0,1,2022-04-14 09:22:48
753,rb2210,SHFE,0_0_     1272475,     1787831,空,平今,4976.0,1,2022-04-14 09:22:48
754,rb2210,SHFE,0_0_     1272475,     1787867,空,平今,4976.0,1,2022-04-14 09:22:49
755,rb2210,SHFE,0_0_     1272800,     1788222,空,平今,4976.0,1,2022-04-14 09:22:51
756,rb2210,SHFE,0_0_     1272899,     1788267,空,开,4976.0,3,2022-04-14 09:22:51
757,rb2210,SHFE,0_0_     1281185,     1800712,空,开,4969.0,3,2022-04-14 09:24:13
758,rb2210,SHFE,0_0_     1266104,     1810345,多,开,4967.0,1,2022-04-14 09:25:03
759,rb2210,SHFE,0_0_     1287209,     1818911,多,平今,4965.0,1,2022-04-14 09:25:44
760,rb2210,SHFE,0_0_     1295391,     1826620,空,平今,4968.0,1,2022-04-14 09:26:33
761,rb2210,SHFE,0_0_     1296011,     1827548,多,平今,4967.0,1,2022-04-14 09:26:39
762,rb2210,SHFE,0_0_     1291170,     1830901,多,平今,4966.0,2,2022-04-14 09:27:04
763,rb2210,SHFE,0_0_     1303693,     1836988,空,平今,4969.0,1,2022-04-14 09:27:41
764,rb2210,SHFE,0_0_     1307463,     1842143,空,开,4964.0,4,2022-04-14 09:28:22
765,rb2210,SHFE,0_0_     1307493,     1845543,空,开,4964.0,2,2022-04-14 09:28:46
766,rb2210,SHFE,0_0_     1311682,     1847304,空,平今,4963.0,1,2022-04-14 09:29:04
767,rb2210,SHFE,0_0_     1312159,     1847389,多,平今,4962.0,6,2022-04-14 09:29:04
768,rb2210,SHFE,0_0_     1312200,     1848012,空,开,4963.0,4,2022-04-14 09:29:09
769,rb2210,SHFE,0_0_     1312200,     1848182,空,开,4963.0,1,2022-04-14 09:29:11
770,rb2210,SHFE,0_0_     1312200,     1848262,空,开,4963.0,1,2022-04-14 09:29:12
771,rb2210,SHFE,0_0_     1313216,     1848811,多,平今,4962.0,1,2022-04-14 09:29:16
772,rb2210,SHFE,0_0_     1313216,     1848830,多,平今,4962.0,1,2022-04-14 09:29:17
773,rb2210,SHFE,0_0_     1313683,     1851276,多,平今,4962.0,1,2022-04-14 09:29:36
774,rb2210,SHFE,0_0_     1313683,     1852151,多,平今,4962.0,1,2022-04-14 09:29:44
775,rb2210,SHFE,0_0_     1313683,     1852152,多,平今,4962.0,1,2022-04-14 09:29:44
776,rb2210,SHFE,0_0_     1313683,     1852170,多,平今,4962.0,1,2022-04-14 09:29:44
777,rb2210,SHFE,0_0_     1316625,     1852323,空,开,4963.0,1,2022-04-14 09:29:46
778,rb2210,SHFE,0_0_     1316804,     1853379,多,平今,4962.0,1,2022-04-14 09:30:00
779,rb2210,SHFE,0_0_     1318125,     1853981,空,开,4963.0,1,2022-04-14 09:30:01
780,rb2210,SHFE,0_0_     1318388,     1855951,多,平今,4962.0,1,2022-04-14 09:30:10
781,rb2210,SHFE,0_0_     1320030,     1856692,空,开,4963.0,1,2022-04-14 09:30:15
782,rb2210,SHFE,0_0_     1320906,     1857847,多,平今,4962.0,1,2022-04-14 09:30:25
783,rb2210,SHFE,0_0_     1322239,     1858166,空,开,4963.0,2,2022-04-14 09:30:28
784,rb2210,SHFE,0_0_     1326042,     1862104,空,开,4960.0,4,2022-04-14 09:30:55
785,rb2210,SHFE,0_0_     1326268,     1862151,多,平今,4959.0,4,2022-04-14 09:30:55
786,rb2210,SHFE,0_0_     1326271,     1862291,空,开,4960.0,1,2022-04-14 09:30:56
787,rb2210,SHFE,0_0_     1326271,     1862300,空,开,4960.0,1,2022-04-14 09:30:56
788,rb2210,SHFE,0_0_     1326271,     1862309,空,开,4960.0,1,2022-04-14 09:30:56
789,rb2210,SHFE,0_0_     1326271,     1862338,空,开,4960.0,1,2022-04-14 09:30:57
790,rb2210,SHFE,0_0_     1327096,     1863329,多,平今,4959.0,1,2022-04-14 09:31:02
791,rb2210,SHFE,0_0_     1327980,     1864549,多,平今,4959.0,2,2022-04-14 09:31:10
792,rb2210,SHFE,0_0_     1329326,     1867066,空,开,4957.0,2,2022-04-14 09:31:20
793,rb2210,SHFE,0_0_     1329826,     1868547,多,平今,4955.0,4,2022-04-14 09:31:24
794,rb2210,SHFE,0_0_     1329828,     1868981,空,开,4956.0,1,2022-04-14 09:31:25
795,rb2210,SHFE,0_0_     1332290,     1871746,多,平今,4957.0,3,2022-04-14 09:31:46
796,rb2210,SHFE,0_0_     1332407,     1871992,空,开,4957.0,2,2022-04-14 09:31:47
797,rb2210,SHFE,0_0_     1333103,     1872849,多,开,4957.0,4,2022-04-14 09:31:52
798,rb2210,SHFE,0_0_     1330055,     1872935,多,平今,4955.0,1,2022-04-14 09:31:52
799,rb2210,SHFE,0_0_     1333660,     1873655,空,平今,4956.0,1,2022-04-14 09:31:58
800,rb2210,SHFE,0_0_     1334840,     1875193,空,平今,4957.0,1,2022-04-14 09:32:11
801,rb2210,SHFE,0_0_     1334958,     1875393,多,平今,4956.0,1,2022-04-14 09:32:13
802,rb2210,SHFE,0_0_     1335277,     1875896,多,平今,4956.0,1,2022-04-14 09:32:17
803,rb2210,SHFE,0_0_     1335399,     1876775,空,平今,4957.0,1,2022-04-14 09:32:26
804,rb2210,SHFE,0_0_     1336226,     1877238,多,开,4956.0,1,2022-04-14 09:32:30
805,rb2210,SHFE,0_0_     1336680,     1877290,空,平今,4957.0,1,2022-04-14 09:32:30
806,rb2210,SHFE,0_0_     1336701,     1877821,多,开,4956.0,1,2022-04-14 09:32:34
807,rb2210,SHFE,0_0_     1336701,     1877822,多,开,4956.0,1,2022-04-14 09:32:34
808,rb2210,SHFE,0_0_     1336701,     1877823,多,开,4956.0,1,2022-04-14 09:32:34
809,rb2210,SHFE,0_0_     1336701,     1877826,多,开,4956.0,1,2022-04-14 09:32:34
810,rb2210,SHFE,0_0_     1336701,     1877828,多,开,4956.0,1,2022-04-14 09:32:34
811,rb2210,SHFE,0_0_     1337102,     1878003,空,平今,4957.0,3,2022-04-14 09:32:36
812,rb2210,SHFE,0_0_     1337209,     1878291,空,平今,4957.0,1,2022-04-14 09:32:41
813,rb2210,SHFE,0_0_     1337209,     1878319,空,平今,4957.0,1,2022-04-14 09:32:41
814,rb2210,SHFE,0_0_     1337586,     1878582,多,开,4956.0,1,2022-04-14 09:32:44
815,rb2210,SHFE,0_0_     1337863,     1879187,空,平今,4957.0,1,2022-04-14 09:32:52
816,rb2210,SHFE,0_0_     1338750,     1879366,多,开,4956.0,1,2022-04-14 09:32:56
817,rb2210,SHFE,0_0_     1344742,     1890017,空,平今,4951.0,1,2022-04-14 09:33:43
818,rb2210,SHFE,0_0_     1345080,     1890449,多,开,4951.0,1,2022-04-14 09:33:47
819,rb2210,SHFE,0_0_     1345080,     1890454,多,开,4951.0,1,2022-04-14 09:33:47
820,rb2210,SHFE,0_0_     1345080,     1890460,多,开,4951.0,1,2022-04-14 09:33:47
821,rb2210,SHFE,0_0_     1345703,     1891255,多,开,4951.0,4,2022-04-14 09:33:55
822,rb2210,SHFE,0_0_     1345945,     1891737,空,平今,4951.0,1,2022-04-14 09:33:58
823,rb2210,SHFE,0_0_     1345979,     1893820,多,开,4950.0,1,2022-04-14 09:34:13
824,rb2210,SHFE,0_0_     1347434,     1895239,空,平今,4951.0,2,2022-04-14 09:34:19
825,rb2210,SHFE,0_0_     1348655,     1895313,多,开,4950.0,2,2022-04-14 09:34:19
826,rb2210,SHFE,0_0_     1351521,     1899089,空,平今,4948.0,3,2022-04-14 09:34:43
827,rb2210,SHFE,0_0_     1356219,     1905203,空,开,4950.0,4,2022-04-14 09:35:21
828,rb2210,SHFE,0_0_     1356220,     1907713,多,平今,4949.0,1,2022-04-14 09:35:39
829,rb2210,SHFE,0_0_     1356220,     1907714,多,平今,4949.0,1,2022-04-14 09:35:39
830,rb2210,SHFE,0_0_     1356220,     1907715,多,平今,4949.0,1,2022-04-14 09:35:39
831,rb2210,SHFE,0_0_     1356220,     1907716,多,平今,4949.0,1,2022-04-14 09:35:39
832,rb2210,SHFE,0_0_     1358322,     1907757,空,平今,4950.0,5,2022-04-14 09:35:39
833,rb2210,SHFE,0_0_     1358353,     1908409,多,开,4949.0,5,2022-04-14 09:35:44
834,rb2210,SHFE,0_0_     1358853,     1908841,空,平今,4948.0,4,2022-04-14 09:35:46
835,rb2210,SHFE,0_0_     1359178,     1909415,空,开,4948.0,1,2022-04-14 09:35:53
836,rb2210,SHFE,0_0_     1359178,     1909437,空,开,4948.0,2,2022-04-14 09:35:53
837,rb2210,SHFE,0_0_     1359766,     1909731,空,开,4948.0,2,2022-04-14 09:35:54
838,rb2210,SHFE,0_0_     1360679,     1911659,空,开,4945.000000000001,2,2022-04-14 09:36:04
839,rb2210,SHFE,0_0_     1361020,     1911750,多,平今,4944.0,2,2022-04-14 09:36:04
840,rb2210,SHFE,0_0_     1361035,     1911793,空,开,4945.0,2,2022-04-14 09:36:04
841,rb2210,SHFE,0_0_     1361192,     1912202,多,平今,4945.0,1,2022-04-14 09:36:07
842,rb2210,SHFE,0_0_     1361192,     1912203,多,平今,4945.0,1,2022-04-14 09:36:07
843,rb2210,SHFE,0_0_     1362699,     1913853,多,平今,4949.0,1,2022-04-14 09:36:23
844,rb2210,SHFE,0_0_     1362699,     1913889,多,平今,4949.0,1,2022-04-14 09:36:24
845,rb2210,SHFE,0_0_     1363082,     1913900,空,平今,4950.0,1,2022-04-14 09:36:24
846,rb2210,SHFE,0_0_     1363650,     1914439,多,开,4950.0,1,2022-04-14 09:36:30
847,rb2210,SHFE,0_0_     1363650,     1914441,多,开,4950.0,1,2022-04-14 09:36:30
848,rb2210,SHFE,0_0_     1363650,     1914444,多,开,4950.0,1,2022-04-14 09:36:30
849,rb2210,SHFE,0_0_     1363650,     1914446,多,开,4950.0,1,2022-04-14 09:36:30
850,rb2210,SHFE,0_0_     1366986,     1917880,空,平今,4951.0,1,2022-04-14 09:37:04
851,rb2210,SHFE,0_0_     1367740,     1919395,空,平今,4954.000000000001,3,2022-04-14 09:37:17
852,rb2210,SHFE,0_0_     1368156,     1919421,多,开,4953.0,1,2022-04-14 09:37:17
853,rb2210,SHFE,0_0_     1368156,     1919422,多,开,4953.0,1,2022-04-14 09:37:17
854,rb2210,SHFE,0_0_     1368156,     1919435,多,开,4953.0,1,2022-04-14 09:37:17
855,rb2210,SHFE,0_0_     1368188,     1919463,空,平今,4954.0,1,2022-04-14 09:37:18
856,rb2210,SHFE,0_0_     1368188,     1919484,空,平今,4954.0,1,2022-04-14 09:37:18
857,rb2210,SHFE,0_0_     1368188,     1919531,空,平今,4954.0,1,2022-04-14 09:37:18
858,rb2210,SHFE,0_0_     1368226,     1919913,多,开,4953.0,1,2022-04-14 09:37:22
859,rb2210,SHFE,0_0_     1368226,     1919922,多,开,4953.0,1,2022-04-14 09:37:22
860,rb2210,SHFE,0_0_     1368226,     1919980,多,开,4953.0,1,2022-04-14 09:37:22
861,rb2210,SHFE,0_0_     1377736,     1936575,空,开,4952.0,4,2022-04-14 09:40:10
862,rb2210,SHFE,0_0_     1375918,     1937356,空,平今,4956.0,2,2022-04-14 09:40:16
863,rb2210,SHFE,0_0_     1385450,     1937678,多,平今,4955.0,1,2022-04-14 09:40:19
864,rb2210,SHFE,0_0_     1385086,     1938002,多,平今,4954.0,2,2022-04-14 09:40:21
865,rb2210,SHFE,0_0_     1385979,     1940023,空,开,4954.0,1,2022-04-14 09:40:41
866,rb2210,SHFE,0_0_     1385979,     1940071,空,开,4954.0,1,2022-04-14 09:40:41
867,rb2210,SHFE,0_0_     1387743,     1940571,多,平今,4953.0,1,2022-04-14 09:40:44
868,rb2210,SHFE,0_0_     1388204,     1940814,空,开,4953.0,1,2022-04-14 09:40:47
869,rb2210,SHFE,0_0_     1393418,     1947244,多,平今,4952.0,3,2022-04-14 09:41:37
870,rb2210,SHFE,0_0_     1395259,     1949078,空,开,4952.000000000001,2,2022-04-14 09:41:58
871,rb2210,SHFE,0_0_     1396418,     1949438,多,平今,4951.0,1,2022-04-14 09:42:00
872,rb2210,SHFE,0_0_     1396418,     1949439,多,平今,4951.0,2,2022-04-14 09:42:00
873,rb2210,SHFE,0_0_     1398506,     1951414,空,开,4950.0,6,2022-04-14 09:42:15
874,rb2210,SHFE,0_0_     1402939,     1957726,多,平今,4953.0,4,2022-04-14 09:43:24
875,rb2210,SHFE,0_0_     1405087,     1959680,多,开,4956.0,1,2022-04-14 09:43:47
876,rb2210,SHFE,0_0_     1405282,     1959733,空,平今,4957.0,1,2022-04-14 09:43:48
877,rb2210,SHFE,0_0_     1407323,     1962201,多,开,4955.0,2,2022-04-14 09:44:19
878,rb2210,SHFE,0_0_     1413362,     1967126,多,开,4955.0,1,2022-04-14 09:45:16
879,rb2210,SHFE,0_0_     1413965,     1968018,空,平今,4957.0,1,2022-04-14 09:45:23
880,rb2210,SHFE,0_0_     1414176,     1969151,空,平今,4957.0,1,2022-04-14 09:45:36
881,rb2210,SHFE,0_0_     1398576,     1977111,多,平今,4949.0,4,2022-04-14 09:47:19
882,rb2210,SHFE,0_0_     1420629,     1986414,空,开,4955.0,4,2022-04-14 09:49:12
883,rb2210,SHFE,0_0_     1434877,     1986774,多,平今,4955.0,3,2022-04-14 09:49:17
884,rb2210,SHFE,0_0_     1435997,     1988525,多,开,4957.0,4,2022-04-14 09:49:29
885,rb2210,SHFE,0_0_     1439602,     1992861,空,平今,4958.0,1,2022-04-14 09:50:01
886,rb2210,SHFE,0_0_     1439602,     1992882,空,平今,4958.0,1,2022-04-14 09:50:02
887,rb2210,SHFE,0_0_     1439602,     1992901,空,平今,4958.0,1,2022-04-14 09:50:02
888,rb2210,SHFE,0_0_     1440464,     1994250,空,平今,4957.0,2,2022-04-14 09:50:08
889,rb2210,SHFE,0_0_     1440580,     1995001,多,平今,4956.0,1,2022-04-14 09:50:13
890,rb2210,SHFE,0_0_     1444372,     2001115,多,开,4961.0,5,2022-04-14 09:50:31
891,rb2210,SHFE,0_0_     1444706,     2001435,空,平今,4961.0,1,2022-04-14 09:50:34
892,rb2210,SHFE,0_0_     1444819,     2001611,空,开,4961.0,8,2022-04-14 09:50:35
893,rb2210,SHFE,0_0_     1444981,     2004702,空,平今,4960.0,2,2022-04-14 09:50:49
894,rb2210,SHFE,0_0_     1444981,     2017142,空,平今,4960.0,1,2022-04-14 09:52:13
895,rb2210,SHFE,0_0_     1444981,     2017264,空,平今,4960.0,1,2022-04-14 09:52:13
896,rb2210,SHFE,0_0_     1444981,     2017314,空,平今,4960.0,1,2022-04-14 09:52:14
897,rb2210,SHFE,0_0_     1468402,     2033195,多,平今,4959.0,2,2022-04-14 09:54:37
898,rb2210,SHFE,0_0_     1460729,     2041538,多,平今,4957.0,1,2022-04-14 09:55:20
899,rb2210,SHFE,0_0_     1478381,     2046085,空,开,4958.0,3,2022-04-14 09:56:15
900,rb2210,SHFE,0_0_     1480004,     2046933,多,平今,4957.0,3,2022-04-14 09:56:24
901,rb2210,SHFE,0_0_     1489447,     2055235,多,平今,4952.0,1,2022-04-14 09:58:09
902,rb2210,SHFE,0_0_     1489447,     2055238,多,平今,4952.0,1,2022-04-14 09:58:09
903,rb2210,SHFE,0_0_     1489447,     2055239,多,平今,4952.0,1,2022-04-14 09:58:09
904,rb2210,SHFE,0_0_     1490198,     2056738,多,开,4952.0,4,2022-04-14 09:58:26
905,rb2210,SHFE,0_0_     1491186,     2057448,空,平今,4953.0,4,2022-04-14 09:58:32
906,rb2210,SHFE,0_0_     1491916,     2059506,多,开,4952.0,4,2022-04-14 09:59:04
907,rb2210,SHFE,0_0_     1491916,     2059512,多,开,4952.0,4,2022-04-14 09:59:04
908,rb2210,SHFE,0_0_     1495724,     2060764,空,平今,4951.0,1,2022-04-14 09:59:13
909,rb2210,SHFE,0_0_     1495724,     2060893,空,平今,4951.0,1,2022-04-14 09:59:14
910,rb2210,SHFE,0_0_     1495724,     2061063,空,平今,4951.0,2,2022-04-14 09:59:15
911,rb2210,SHFE,0_0_     1496910,     2062242,空,开,4950.0,2,2022-04-14 09:59:24
912,rb2210,SHFE,0_0_     1496910,     2062251,空,开,4950.0,1,2022-04-14 09:59:24
913,rb2210,SHFE,0_0_     1499550,     2065045,多,平今,4951.0,1,2022-04-14 09:59:50
914,rb2210,SHFE,0_0_     1495002,     2065497,空,平今,4952.0,1,2022-04-14 09:59:54
915,rb2210,SHFE,0_0_     1495002,     2065504,空,平今,4952.0,3,2022-04-14 09:59:54
916,rb2210,SHFE,0_0_     1500534,     2065946,空,开,4951.0,1,2022-04-14 09:59:56
917,rb2210,SHFE,0_0_     1507941,     2074475,多,平今,4951.0,4,2022-04-14 10:00:49
918,rb2210,SHFE,0_0_     1502037,     2074478,多,开,4950.0,1,2022-04-14 10:00:49
919,rb2210,SHFE,0_0_     1502037,     2074488,多,开,4950.0,5,2022-04-14 10:00:49
920,rb2210,SHFE,0_0_     1509069,     2076010,空,平今,4951.0,1,2022-04-14 10:01:03
921,rb2210,SHFE,0_0_     1512427,     2079700,空,平今,4949.0,2,2022-04-14 10:01:31
922,rb2210,SHFE,0_0_     1508687,     2081174,空,平今,4952.0,1,2022-04-14 10:01:44
923,rb2210,SHFE,0_0_     1508687,     2081195,空,平今,4952.0,2,2022-04-14 10:01:45
924,rb2210,SHFE,0_0_     1513859,     2081373,多,开,4952.0,1,2022-04-14 10:01:47
925,rb2210,SHFE,0_0_     1513859,     2081374,多,开,4952.0,1,2022-04-14 10:01:47
926,rb2210,SHFE,0_0_     1513859,     2081386,多,开,4952.0,2,2022-04-14 10:01:47
927,rb2210,SHFE,0_0_     1513959,     2081447,多,开,4952.0,1,2022-04-14 10:01:48
928,rb2210,SHFE,0_0_     1513959,     2081448,多,开,4952.0,2,2022-04-14 10:01:48
929,rb2210,SHFE,0_0_     1514063,     2081648,多,平今,4952.0,1,2022-04-14 10:01:50
930,rb2210,SHFE,0_0_     1514154,     2081735,空,平今,4953.0,1,2022-04-14 10:01:51
931,rb2210,SHFE,0_0_     1516480,     2084273,空,平今,4953.0,3,2022-04-14 10:02:12
932,rb2210,SHFE,0_0_     1516909,     2087713,多,开,4952.0,1,2022-04-14 10:02:58
933,rb2210,SHFE,0_0_     1516909,     2087742,多,开,4952.0,1,2022-04-14 10:02:59
934,rb2210,SHFE,0_0_     1516909,     2087745,多,开,4952.0,1,2022-04-14 10:02:59
935,rb2210,SHFE,0_0_     1520302,     2087831,空,平今,4953.0,2,2022-04-14 10:02:59
936,rb2210,SHFE,0_0_     1520356,     2088266,多,开,4952.0,2,2022-04-14 10:03:03
937,rb2210,SHFE,0_0_     1525487,     2094229,空,平今,4954.0,3,2022-04-14 10:03:53
938,rb2210,SHFE,0_0_     1525683,     2094484,多,开,4953.0,3,2022-04-14 10:03:57
939,rb2210,SHFE,0_0_     1533890,     2105798,空,平今,4952.0,2,2022-04-14 10:05:20
940,rb2210,SHFE,0_0_     1536156,     2106414,空,开,4953.0,5,2022-04-14 10:05:25
941,rb2210,SHFE,0_0_     1536290,     2106946,多,平今,4955.0,5,2022-04-14 10:05:26
942,rb2210,SHFE,0_0_     1538573,     2109961,空,平今,4954.0,4,2022-04-14 10:05:55
943,rb2210,SHFE,0_0_     1540816,     2111811,多,开,4952.0,2,2022-04-14 10:06:18
944,rb2210,SHFE,0_0_     1542719,     2116516,多,开,4957.0,2,2022-04-14 10:07:05
945,rb2210,SHFE,0_0_     1548383,     2119530,多,开,4964.0,2,2022-04-14 10:07:30
946,rb2210,SHFE,0_0_     1549951,     2121746,空,平今,4966.0,1,2022-04-14 10:07:42
947,rb2210,SHFE,0_0_     1549951,     2121747,空,平今,4966.0,3,2022-04-14 10:07:42
948,rb2210,SHFE,0_0_     1549998,     2121912,空,开,4966.0,1,2022-04-14 10:07:43
949,rb2210,SHFE,0_0_     1549998,     2121936,空,开,4966.0,1,2022-04-14 10:07:43
950,rb2210,SHFE,0_0_     1549998,     2121938,空,开,4966.0,1,2022-04-14 10:07:43
951,rb2210,SHFE,0_0_     1550002,     2122233,多,开,4965.0,1,2022-04-14 10:07:45
952,rb2210,SHFE,0_0_     1550002,     2122252,多,开,4965.0,1,2022-04-14 10:07:45
953,rb2210,SHFE,0_0_     1550002,     2122267,多,开,4965.0,1,2022-04-14 10:07:45
954,rb2210,SHFE,0_0_     1550402,     2122853,多,平今,4966.0,1,2022-04-14 10:07:49
955,rb2210,SHFE,0_0_     1550402,     2122857,多,平今,4966.0,1,2022-04-14 10:07:49
956,rb2210,SHFE,0_0_     1550402,     2122866,多,平今,4966.0,1,2022-04-14 10:07:49
957,rb2210,SHFE,0_0_     1552567,     2124748,空,平今,4965.0,1,2022-04-14 10:08:03
958,rb2210,SHFE,0_0_     1552798,     2124989,空,平今,4964.0,1,2022-04-14 10:08:05
959,rb2210,SHFE,0_0_     1553122,     2125289,空,平今,4964.0,1,2022-04-14 10:08:11
960,rb2210,SHFE,0_0_     1554501,     2132098,多,开,4964.0,1,2022-04-14 10:08:52
961,rb2210,SHFE,0_0_     1554501,     2132123,多,开,4964.0,1,2022-04-14 10:08:52
962,rb2210,SHFE,0_0_     1554501,     2132142,多,开,4964.0,1,2022-04-14 10:08:52
963,rb2210,SHFE,0_0_     1554501,     2132148,多,开,4964.0,1,2022-04-14 10:08:52
964,rb2210,SHFE,0_0_     1558955,     2132582,空,平今,4965.0,2,2022-04-14 10:08:56
965,rb2210,SHFE,0_0_     1560532,     2134136,空,平今,4964.0,2,2022-04-14 10:09:14
966,rb2210,SHFE,0_0_     1561084,     2135734,多,开,4964.0,4,2022-04-14 10:09:29
967,rb2210,SHFE,0_0_     1562529,     2138547,空,平今,4965.0,1,2022-04-14 10:09:50
968,rb2210,SHFE,0_0_     1562529,     2138549,空,平今,4965.0,1,2022-04-14 10:09:50
969,rb2210,SHFE,0_0_     1562529,     2138551,空,平今,4965.0,1,2022-04-14 10:09:50
970,rb2210,SHFE,0_0_     1562529,     2138553,空,平今,4965.0,1,2022-04-14 10:09:50
971,rb2210,SHFE,0_0_     1566049,     2140550,空,平今,4965.0,2,2022-04-14 10:10:03
972,rb2210,SHFE,0_0_     1566448,     2141093,空,开,4965.0,1,2022-04-14 10:10:05
973,rb2210,SHFE,0_0_     1566851,     2141930,多,开,4966.0,1,2022-04-14 10:10:10
974,rb2210,SHFE,0_0_     1566851,     2141932,多,开,4966.0,1,2022-04-14 10:10:10
975,rb2210,SHFE,0_0_     1564646,     2144965,多,开,4964.0,2,2022-04-14 10:10:36
976,rb2210,SHFE,0_0_     1564646,     2144981,多,开,4964.0,2,2022-04-14 10:10:36
977,rb2210,SHFE,0_0_     1569274,     2145055,空,平今,4965.000000000001,2,2022-04-14 10:10:37
978,rb2210,SHFE,0_0_     1569579,     2145445,多,平今,4965.0,1,2022-04-14 10:10:42
979,rb2210,SHFE,0_0_     1570120,     2145938,多,开,4965.0,1,2022-04-14 10:10:47
980,rb2210,SHFE,0_0_     1548160,     2148109,多,开,4962.0,2,2022-04-14 10:11:12
981,rb2210,SHFE,0_0_     1575003,     2151915,多,开,4966.0,1,2022-04-14 10:11:45
982,rb2210,SHFE,0_0_     1577909,     2153979,空,开,4965.0,8,2022-04-14 10:12:11
983,rb2210,SHFE,0_0_     1578655,     2154643,空,平今,4963.0,2,2022-04-14 10:12:18
984,rb2210,SHFE,0_0_     1578655,     2154721,空,平今,4963.0,4,2022-04-14 10:12:19
985,rb2210,SHFE,0_0_     1580758,     2155932,多,平今,4963.0,1,2022-04-14 10:12:34
986,rb2210,SHFE,0_0_     1583023,     2157284,多,平今,4963.0,1,2022-04-14 10:12:53
987,rb2210,SHFE,0_0_     1583023,     2157330,多,平今,4963.0,1,2022-04-14 10:12:54
988,rb2210,SHFE,0_0_     1583023,     2157363,多,平今,4963.0,1,2022-04-14 10:12:54
989,rb2210,SHFE,0_0_     1583023,     2157719,多,平今,4963.0,1,2022-04-14 10:12:58
990,rb2210,SHFE,0_0_     1583568,     2158221,空,开,4964.0,1,2022-04-14 10:13:05
991,rb2210,SHFE,0_0_     1584392,     2162847,多,平今,4963.0,1,2022-04-14 10:13:58
992,rb2210,SHFE,0_0_     1592029,     2176258,多,平今,4962.0,1,2022-04-14 10:30:15
993,rb2210,SHFE,0_0_     1592409,     2178393,多,开,4963.0,3,2022-04-14 10:30:31
994,rb2210,SHFE,0_0_     1594585,     2184539,空,平今,4959.0,1,2022-04-14 10:31:24
995,rb2210,SHFE,0_0_     1596584,     2194433,多,平今,4958.0,1,2022-04-14 10:32:58
996,rb2210,SHFE,0_0_     1601921,     2196810,多,开,4959.0,4,2022-04-14 10:33:20
997,rb2210,SHFE,0_0_     1603291,     2199572,空,平今,4959.0,1,2022-04-14 10:33:42
998,rb2210,SHFE,0_0_     1602011,     2200981,空,平今,4960.0,4,2022-04-14 10:34:05
999,rb2210,SHFE,0_0_     1592527,     2202974,空,平今,4964.0,3,2022-04-14 10:34:16
1000,rb2210,SHFE,0_0_     1606613,     2203009,多,开,4963.0,3,2022-04-14 10:34:17
1001,rb2210,SHFE,0_0_     1606628,     2205511,空,平今,4964.0,3,2022-04-14 10:34:38
1002,rb2210,SHFE,0_0_     1608435,     2205528,多,开,4963.0,2,2022-04-14 10:34:39
1003,rb2210,SHFE,0_0_     1608435,     2205534,多,开,4963.0,1,2022-04-14 10:34:39
1004,rb2210,SHFE,0_0_     1619364,     2215402,空,平今,4963.0,1,2022-04-14 10:36:11
1005,rb2210,SHFE,0_0_     1619364,     2215444,空,平今,4963.0,1,2022-04-14 10:36:11
1006,rb2210,SHFE,0_0_     1619364,     2215481,空,平今,4963.0,1,2022-04-14 10:36:12
1007,rb2210,SHFE,0_0_     1631016,     2224276,空,开,4965.0,3,2022-04-14 10:37:57
1008,rb2210,SHFE,0_0_     1633707,     2225777,空,开,4965.0,1,2022-04-14 10:38:05
1009,rb2210,SHFE,0_0_     1633707,     2225785,空,开,4965.0,2,2022-04-14 10:38:05
1010,rb2210,SHFE,0_0_     1635264,     2227561,多,平今,4964.0,1,2022-04-14 10:38:14
1011,rb2210,SHFE,0_0_     1636618,     2227880,多,平今,4964.0,1,2022-04-14 10:38:17
1012,rb2210,SHFE,0_0_     1636618,     2227905,多,平今,4964.0,3,2022-04-14 10:38:17
1013,rb2210,SHFE,0_0_     1637008,     2228099,空,开,4964.0,1,2022-04-14 10:38:18
1014,rb2210,SHFE,0_0_     1637008,     2228200,空,开,4964.0,2,2022-04-14 10:38:19
1015,rb2210,SHFE,0_0_     1637333,     2228332,空,开,4964.0,1,2022-04-14 10:38:21
1016,rb2210,SHFE,0_0_     1638016,     2228860,多,平今,4964.0,1,2022-04-14 10:38:27
1017,rb2210,SHFE,0_0_     1639549,     2229978,多,平今,4964.0,2,2022-04-14 10:38:46
1018,rb2210,SHFE,0_0_     1645298,     2234678,多,平今,4963.0,1,2022-04-14 10:39:43
1019,rb2210,SHFE,0_0_     1647274,     2235013,空,开,4963.0,2,2022-04-14 10:39:47
1020,rb2210,SHFE,0_0_     1647814,     2236590,多,平今,4962.0,4,2022-04-14 10:40:10
1021,rb2210,SHFE,0_0_     1651010,     2236979,空,开,4963.0,4,2022-04-14 10:40:17
1022,rb2210,SHFE,0_0_     1605383,     2242010,多,开,4959.0,1,2022-04-14 10:41:35
1023,rb2210,SHFE,0_0_     1605383,     2242011,多,开,4959.0,3,2022-04-14 10:41:35
1024,rb2210,SHFE,0_0_     1660467,     2242060,空,平今,4960.0,4,2022-04-14 10:41:35
1025,rb2210,SHFE,0_0_     1663149,     2244405,多,平今,4959.0,1,2022-04-14 10:41:55
1026,rb2210,SHFE,0_0_     1664451,     2246816,多,平今,4961.0,1,2022-04-14 10:42:22
1027,rb2210,SHFE,0_0_     1667046,     2247493,空,开,4961.0,3,2022-04-14 10:42:27
1028,rb2210,SHFE,0_0_     1672997,     2251393,多,平今,4956.0,1,2022-04-14 10:43:05
1029,rb2210,SHFE,0_0_     1673135,     2251570,空,开,4955.0,4,2022-04-14 10:43:06
1030,rb2210,SHFE,0_0_     1673225,     2251875,多,平今,4955.0,4,2022-04-14 10:43:09
1031,rb2210,SHFE,0_0_     1674925,     2253150,空,开,4957.0,2,2022-04-14 10:43:23
1032,rb2210,SHFE,0_0_     1677383,     2255037,空,开,4955.0,2,2022-04-14 10:43:43
1033,rb2210,SHFE,0_0_     1682393,     2259303,多,平今,4956.0,1,2022-04-14 10:44:36
1034,rb2210,SHFE,0_0_     1682393,     2259325,多,平今,4956.0,1,2022-04-14 10:44:36
1035,rb2210,SHFE,0_0_     1682393,     2259413,多,平今,4956.0,2,2022-04-14 10:44:37
1036,rb2210,SHFE,0_0_     1684623,     2260406,空,开,4956.0,2,2022-04-14 10:44:49
1037,rb2210,SHFE,0_0_     1684623,     2260425,空,开,4956.0,2,2022-04-14 10:44:49
1038,rb2210,SHFE,0_0_     1687237,     2262984,多,平今,4958.0,2,2022-04-14 10:45:10
1039,rb2210,SHFE,0_0_     1687237,     2262989,多,平今,4958.0,2,2022-04-14 10:45:10
1040,rb2210,SHFE,0_0_     1687781,     2263510,多,开,4957.0,1,2022-04-14 10:45:17
1041,rb2210,SHFE,0_0_     1687781,     2263515,多,开,4957.0,1,2022-04-14 10:45:17
1042,rb2210,SHFE,0_0_     1687781,     2263533,多,开,4957.0,1,2022-04-14 10:45:18
1043,rb2210,SHFE,0_0_     1690600,     2266973,空,平今,4953.0,3,2022-04-14 10:45:46
1044,rb2210,SHFE,0_0_     1691310,     2267745,多,平今,4954.0,4,2022-04-14 10:45:52
1045,rb2210,SHFE,0_0_     1692355,     2269156,空,开,4953.0,3,2022-04-14 10:46:01
1046,rb2210,SHFE,0_0_     1694438,     2272821,多,开,4954.0,4,2022-04-14 10:46:40
1047,rb2210,SHFE,0_0_     1698984,     2274111,空,平今,4954.0,3,2022-04-14 10:46:55
1048,rb2210,SHFE,0_0_     1707978,     2281974,多,平今,4951.0,2,2022-04-14 10:48:22
1049,rb2210,SHFE,0_0_     1707978,     2281976,多,平今,4951.0,1,2022-04-14 10:48:22
1050,rb2210,SHFE,0_0_     1709721,     2283455,空,开,4952.0,2,2022-04-14 10:48:36
1051,rb2210,SHFE,0_0_     1709794,     2283490,空,开,4952.0,2,2022-04-14 10:48:36
1052,rb2210,SHFE,0_0_     1697452,     2288860,空,平今,4955.000000000001,1,2022-04-14 10:49:32
1053,rb2210,SHFE,0_0_     1715525,     2288886,多,开,4954.0,7,2022-04-14 10:49:32
1054,rb2210,SHFE,0_0_     1720108,     2293948,空,平今,4955.0,4,2022-04-14 10:50:24
1055,rb2210,SHFE,0_0_     1688813,     2295692,空,开,4957.0,1,2022-04-14 10:50:37
1056,rb2210,SHFE,0_0_     1688813,     2295732,空,开,4957.0,1,2022-04-14 10:50:37
1057,rb2210,SHFE,0_0_     1688813,     2295760,空,开,4957.0,2,2022-04-14 10:50:37
1058,rb2210,SHFE,0_0_     1734994,     2310121,多,平今,4956.0,1,2022-04-14 10:53:09
1059,rb2210,SHFE,0_0_     1736531,     2312089,多,开,4958.0,4,2022-04-14 10:53:35
1060,rb2210,SHFE,0_0_     1740269,     2315569,空,平今,4961.0,1,2022-04-14 10:54:12
1061,rb2210,SHFE,0_0_     1740385,     2318258,多,平今,4961.0,1,2022-04-14 10:54:35
1062,rb2210,SHFE,0_0_     1742676,     2318494,空,平今,4962.0,1,2022-04-14 10:54:37
1063,rb2210,SHFE,0_0_     1742676,     2318495,空,平今,4962.0,1,2022-04-14 10:54:37
1064,rb2210,SHFE,0_0_     1748529,     2323866,空,开,4962.0,1,2022-04-14 10:55:23
1065,rb2210,SHFE,0_0_     1750204,     2332263,空,开,4962.0,1,2022-04-14 10:56:45
1066,rb2210,SHFE,0_0_     1756956,     2333206,多,平今,4961.0,1,2022-04-14 10:56:55
1067,rb2210,SHFE,0_0_     1744886,     2334465,空,平今,4964.0,1,2022-04-14 10:57:09
1068,rb2210,SHFE,0_0_     1744886,     2334485,空,平今,4964.0,1,2022-04-14 10:57:09
1069,rb2210,SHFE,0_0_     1744886,     2334489,空,平今,4964.0,2,2022-04-14 10:57:09
1070,rb2210,SHFE,0_0_     1759446,     2334873,多,开,4963.000000000001,2,2022-04-14 10:57:15
1071,rb2210,SHFE,0_0_     1760505,     2335366,多,开,4963.0,1,2022-04-14 10:57:23
1072,rb2210,SHFE,0_0_     1760505,     2335397,多,开,4963.0,1,2022-04-14 10:57:23
1073,rb2210,SHFE,0_0_     1758841,     2335537,多,平今,4962.0,3,2022-04-14 10:57:27
1074,rb2210,SHFE,0_0_     1763259,     2338203,多,平今,4966.0,2,2022-04-14 10:57:51
1075,rb2210,SHFE,0_0_     1763259,     2338239,多,平今,4966.0,2,2022-04-14 10:57:51
1076,rb2210,SHFE,0_0_     1763639,     2338859,空,开,4965.0,4,2022-04-14 10:57:56
1077,rb2210,SHFE,0_0_     1764775,     2339673,空,开,4966.0,1,2022-04-14 10:58:06
1078,rb2210,SHFE,0_0_     1764833,     2339691,多,平今,4966.0,1,2022-04-14 10:58:06
1079,rb2210,SHFE,0_0_     1764833,     2339695,多,平今,4966.0,2,2022-04-14 10:58:06
1080,rb2210,SHFE,0_0_     1764940,     2339736,空,开,4966.0,2,2022-04-14 10:58:07
1081,rb2210,SHFE,0_0_     1765036,     2339780,多,平今,4966.0,2,2022-04-14 10:58:08
1082,rb2210,SHFE,0_0_     1763310,     2340997,空,平今,4967.0,4,2022-04-14 10:58:24
1083,rb2210,SHFE,0_0_     1766240,     2341316,多,开,4966.0,8,2022-04-14 10:58:27
1084,rb2210,SHFE,0_0_     1766499,     2341543,空,平今,4967.0,4,2022-04-14 10:58:31
1085,rb2210,SHFE,0_0_     1767013,     2342207,多,开,4967.0,4,2022-04-14 10:58:40
1086,rb2210,SHFE,0_0_     1768469,     2343595,多,平今,4968.0,1,2022-04-14 10:58:58
1087,rb2210,SHFE,0_0_     1768896,     2343990,空,平今,4969.0,4,2022-04-14 10:59:02
1088,rb2210,SHFE,0_0_     1769478,     2344297,空,平今,4969.0,2,2022-04-14 10:59:04
1089,rb2210,SHFE,0_0_     1770011,     2345024,空,平今,4970.0,2,2022-04-14 10:59:09
1090,rb2210,SHFE,0_0_     1770511,     2349428,多,开,4970.0,3,2022-04-14 10:59:43
1091,rb2210,SHFE,0_0_     1773063,     2349966,空,开,4971.0,4,2022-04-14 10:59:50
1092,rb2210,SHFE,0_0_     1774596,     2353733,多,平今,4972.0,3,2022-04-14 11:00:08
1093,rb2210,SHFE,0_0_     1775838,     2354104,空,开,4972.0,6,2022-04-14 11:00:10
1094,rb2210,SHFE,0_0_     1778272,     2356538,多,平今,4970.0,1,2022-04-14 11:00:27
1095,rb2210,SHFE,0_0_     1778272,     2356541,多,平今,4970.0,1,2022-04-14 11:00:27
1096,rb2210,SHFE,0_0_     1778435,     2356640,多,平今,4970.0,3,2022-04-14 11:00:29
1097,rb2210,SHFE,0_0_     1778490,     2360949,空,平今,4971.0,1,2022-04-14 11:01:17
1098,rb2210,SHFE,0_0_     1778490,     2360953,空,平今,4971.0,1,2022-04-14 11:01:17
1099,rb2210,SHFE,0_0_     1788618,     2367492,多,平今,4968.0,1,2022-04-14 11:02:22
1100,rb2210,SHFE,0_0_     1788618,     2367493,多,平今,4968.0,2,2022-04-14 11:02:22
1101,rb2210,SHFE,0_0_     1788959,     2367542,多,开,4968.0,2,2022-04-14 11:02:23
1102,rb2210,SHFE,0_0_     1789000,     2367718,多,开,4968.0,4,2022-04-14 11:02:27
1103,rb2210,SHFE,0_0_     1789265,     2369393,空,平今,4969.0,4,2022-04-14 11:02:45
1104,rb2210,SHFE,0_0_     1791213,     2369490,空,平今,4969.0,3,2022-04-14 11:02:45
1105,rb2210,SHFE,0_0_     1785188,     2369603,空,开,4970.0,1,2022-04-14 11:02:46
1106,rb2210,SHFE,0_0_     1799083,     2379237,多,开,4973.0,4,2022-04-14 11:04:14
1107,rb2210,SHFE,0_0_     1799083,     2379238,多,开,4973.0,1,2022-04-14 11:04:14
1108,rb2210,SHFE,0_0_     1799083,     2379286,多,开,4973.0,1,2022-04-14 11:04:14
1109,rb2210,SHFE,0_0_     1800091,     2380644,空,平今,4973.0,2,2022-04-14 11:04:27
1110,rb2210,SHFE,0_0_     1795292,     2381287,多,开,4971.0,2,2022-04-14 11:04:32
1111,rb2210,SHFE,0_0_     1800772,     2382251,空,平今,4972.0,2,2022-04-14 11:04:41
1112,rb2210,SHFE,0_0_     1800648,     2384525,空,平今,4973.0,1,2022-04-14 11:05:04
1113,rb2210,SHFE,0_0_     1800648,     2384535,空,平今,4973.0,3,2022-04-14 11:05:05
1114,rb2210,SHFE,0_0_     1806004,     2386277,空,开,4972.0,1,2022-04-14 11:05:23
1115,rb2210,SHFE,0_0_     1806004,     2386282,空,开,4972.0,3,2022-04-14 11:05:23
1116,rb2210,SHFE,0_0_     1806028,     2386359,多,平今,4971.0,4,2022-04-14 11:05:23
1117,rb2210,SHFE,0_0_     1811937,     2391843,空,开,4966.0,7,2022-04-14 11:06:20
1118,rb2210,SHFE,0_0_     1812327,     2392593,多,平今,4967.0,1,2022-04-14 11:06:26
1119,rb2210,SHFE,0_0_     1812327,     2392596,多,平今,4967.0,3,2022-04-14 11:06:26
1120,rb2210,SHFE,0_0_     1812760,     2393851,多,平今,4967.0,3,2022-04-14 11:06:39
1121,rb2210,SHFE,0_0_     1812760,     2393852,多,平今,4967.0,1,2022-04-14 11:06:39
1122,rb2210,SHFE,0_0_     1822892,     2408261,多,开,4964.0,2,2022-04-14 11:08:43
1123,rb2210,SHFE,0_0_     1825493,     2410396,空,开,4963.0,1,2022-04-14 11:08:59
1124,rb2210,SHFE,0_0_     1825493,     2410397,空,开,4963.0,1,2022-04-14 11:08:59
1125,rb2210,SHFE,0_0_     1825493,     2410398,空,开,4963.0,5,2022-04-14 11:08:59
1126,rb2210,SHFE,0_0_     1825493,     2410399,空,开,4963.0,1,2022-04-14 11:08:59
1127,rb2210,SHFE,0_0_     1825724,     2411145,多,平今,4963.0,2,2022-04-14 11:09:03
1128,rb2210,SHFE,0_0_     1825724,     2411147,多,平今,4963.0,1,2022-04-14 11:09:03
1129,rb2210,SHFE,0_0_     1825724,     2411149,多,平今,4963.0,1,2022-04-14 11:09:03
1130,rb2210,SHFE,0_0_     1832623,     2420172,空,开,4963.0,1,2022-04-14 11:10:26
1131,rb2210,SHFE,0_0_     1832623,     2420186,空,开,4963.0,1,2022-04-14 11:10:26
1132,rb2210,SHFE,0_0_     1840184,     2429252,多,平今,4958.0,4,2022-04-14 11:11:48
1133,rb2210,SHFE,0_0_     1841117,     2429941,空,开,4959.0,4,2022-04-14 11:11:53
1134,rb2210,SHFE,0_0_     1841634,     2430014,多,平今,4958.0,3,2022-04-14 11:11:53
1135,rb2210,SHFE,0_0_     1841694,     2430405,空,开,4959.0,3,2022-04-14 11:11:59
1136,rb2210,SHFE,0_0_     1842128,     2430564,多,平今,4958.0,1,2022-04-14 11:12:00
1137,rb2210,SHFE,0_0_     1842128,     2430567,多,平今,4958.0,3,2022-04-14 11:12:00
1138,rb2210,SHFE,0_0_     1842177,     2430711,空,开,4959.0,1,2022-04-14 11:12:01
1139,rb2210,SHFE,0_0_     1842177,     2430712,空,开,4959.0,1,2022-04-14 11:12:01
1140,rb2210,SHFE,0_0_     1842177,     2430765,空,开,4959.0,1,2022-04-14 11:12:01
1141,rb2210,SHFE,0_0_     1842177,     2430771,空,开,4959.0,1,2022-04-14 11:12:01
1142,rb2210,SHFE,0_0_     1842294,     2430794,多,平今,4958.0,4,2022-04-14 11:12:02
1143,rb2210,SHFE,0_0_     1842347,     2431724,空,开,4959.0,3,2022-04-14 11:12:09
1144,rb2210,SHFE,0_0_     1842347,     2431732,空,开,4959.0,1,2022-04-14 11:12:09
1145,rb2210,SHFE,0_0_     1842934,     2431796,多,平今,4958.0,4,2022-04-14 11:12:10
1146,rb2210,SHFE,0_0_     1842958,     2432029,空,开,4959.0,4,2022-04-14 11:12:13
1147,rb2210,SHFE,0_0_     1843563,     2433075,多,平今,4958.0,1,2022-04-14 11:12:26
1148,rb2210,SHFE,0_0_     1848433,     2438214,空,平今,4961.0,1,2022-04-14 11:13:23
1149,rb2210,SHFE,0_0_     1848550,     2438329,多,平今,4960.0,1,2022-04-14 11:13:25
1150,rb2210,SHFE,0_0_     1832623,     2439635,空,开,4963.0,2,2022-04-14 11:13:40
1151,rb2210,SHFE,0_0_     1855027,     2444832,多,平今,4964.0,1,2022-04-14 11:14:58
1152,rb2210,SHFE,0_0_     1855748,     2445784,多,平今,4967.0,1,2022-04-14 11:15:03
1153,rb2210,SHFE,0_0_     1863878,     2452641,多,开,4965.0,4,2022-04-14 11:16:22
1154,rb2210,SHFE,0_0_     1863913,     2455060,多,平今,4965.0,1,2022-04-14 11:16:40
1155,rb2210,SHFE,0_0_     1877855,     2468864,多,开,4973.0,1,2022-04-14 11:18:51
1156,rb2210,SHFE,0_0_     1878161,     2469649,多,开,4973.0,1,2022-04-14 11:18:55
1157,rb2210,SHFE,0_0_     1878710,     2469661,空,平今,4974.0,1,2022-04-14 11:18:55
1158,rb2210,SHFE,0_0_     1878747,     2469938,空,平今,4974.0,2,2022-04-14 11:18:57
1159,rb2210,SHFE,0_0_     1879242,     2470737,多,开,4974.0,1,2022-04-14 11:19:00
1160,rb2210,SHFE,0_0_     1879242,     2470808,多,开,4974.0,3,2022-04-14 11:19:00
1161,rb2210,SHFE,0_0_     1885954,     2480905,空,平今,4974.0,1,2022-04-14 11:20:00
1162,rb2210,SHFE,0_0_     1885954,     2480906,空,平今,4974.0,1,2022-04-14 11:20:00
1163,rb2210,SHFE,0_0_     1886168,     2481147,空,开,4974.0,4,2022-04-14 11:20:01
1164,rb2210,SHFE,0_0_     1888009,     2484458,多,平今,4972.0,1,2022-04-14 11:20:27
1165,rb2210,SHFE,0_0_     1890503,     2486969,多,平今,4974.0,2,2022-04-14 11:20:48
1166,rb2210,SHFE,0_0_     1890531,     2487169,空,开,4975.0,2,2022-04-14 11:20:50
1167,rb2210,SHFE,0_0_     1890531,     2487171,空,开,4975.0,1,2022-04-14 11:20:50
1168,rb2210,SHFE,0_0_     1890777,     2487505,多,平今,4974.0,1,2022-04-14 11:20:51
1169,rb2210,SHFE,0_0_     1890777,     2487507,多,平今,4974.0,1,2022-04-14 11:20:51
1170,rb2210,SHFE,0_0_     1890777,     2487517,多,平今,4974.0,2,2022-04-14 11:20:51
1171,rb2210,SHFE,0_0_     1881481,     2488012,空,平今,4977.0,4,2022-04-14 11:20:56
1172,rb2210,SHFE,0_0_     1891500,     2488454,多,开,4976.0,2,2022-04-14 11:20:59
1173,rb2210,SHFE,0_0_     1891504,     2488546,空,平今,4977.0,2,2022-04-14 11:21:00
1174,rb2210,SHFE,0_0_     1891578,     2489156,多,开,4976.0,1,2022-04-14 11:21:03
1175,rb2210,SHFE,0_0_     1891578,     2489236,多,开,4976.0,1,2022-04-14 11:21:03
1176,rb2210,SHFE,0_0_     1891241,     2489533,多,开,4975.0,4,2022-04-14 11:21:04
1177,rb2210,SHFE,0_0_     1891983,     2489654,空,平今,4976.0,4,2022-04-14 11:21:05
1178,rb2210,SHFE,0_0_     1892045,     2489663,空,平今,4976.0,3,2022-04-14 11:21:05
1179,rb2210,SHFE,0_0_     1892134,     2489716,多,开,4975.0,7,2022-04-14 11:21:05
1180,rb2210,SHFE,0_0_     1892135,     2489803,空,平今,4976.0,7,2022-04-14 11:21:05
1181,rb2210,SHFE,0_0_     1892303,     2490009,多,开,4976.000000000001,2,2022-04-14 11:21:06
1182,rb2210,SHFE,0_0_     1892556,     2490414,空,开,4976.0,2,2022-04-14 11:21:08
1183,rb2210,SHFE,0_0_     1892472,     2490797,空,平今,4977.0,2,2022-04-14 11:21:11
1184,rb2210,SHFE,0_0_     1892876,     2491878,多,平今,4975.0,2,2022-04-14 11:21:20
1185,rb2210,SHFE,0_0_     1894151,     2492257,空,开,4975.0,1,2022-04-14 11:21:23
1186,rb2210,SHFE,0_0_     1893896,     2492269,空,平今,4976.0,1,2022-04-14 11:21:23
1187,rb2210,SHFE,0_0_     1893960,     2492286,空,开,4976.0,1,2022-04-14 11:21:23
1188,rb2210,SHFE,0_0_     1894331,     2492542,多,开,4975.0,1,2022-04-14 11:21:24
1189,rb2210,SHFE,0_0_     1894331,     2492543,多,开,4975.0,1,2022-04-14 11:21:24
1190,rb2210,SHFE,0_0_     1894331,     2492544,多,开,4975.0,1,2022-04-14 11:21:24
1191,rb2210,SHFE,0_0_     1894331,     2492545,多,开,4975.0,1,2022-04-14 11:21:24
1192,rb2210,SHFE,0_0_     1894331,     2492547,多,开,4975.0,1,2022-04-14 11:21:24
1193,rb2210,SHFE,0_0_     1894331,     2492747,多,开,4975.0,1,2022-04-14 11:21:25
1194,rb2210,SHFE,0_0_     1894331,     2492772,多,开,4975.0,1,2022-04-14 11:21:26
1195,rb2210,SHFE,0_0_     1894677,     2492842,空,平今,4976.000000000001,4,2022-04-14 11:21:27
1196,rb2210,SHFE,0_0_     1894698,     2492890,多,平今,4976.0,1,2022-04-14 11:21:27
1197,rb2210,SHFE,0_0_     1894699,     2493067,空,平今,4977.0,1,2022-04-14 11:21:28
1198,rb2210,SHFE,0_0_     1894806,     2493114,多,平今,4976.0,1,2022-04-14 11:21:29
1199,rb2210,SHFE,0_0_     1894952,     2493320,空,平今,4976.0,1,2022-04-14 11:21:31
1200,rb2210,SHFE,0_0_     1894834,     2493361,空,平今,4977.0,1,2022-04-14 11:21:31
1201,rb2210,SHFE,0_0_     1895168,     2493774,多,开,4976.0,4,2022-04-14 11:21:35
1202,rb2210,SHFE,0_0_     1895570,     2494360,空,平今,4977.0,4,2022-04-14 11:21:40
1203,rb2210,SHFE,0_0_     1896154,     2494864,多,开,4977.0,1,2022-04-14 11:21:45
1204,rb2210,SHFE,0_0_     1897176,     2496864,多,平今,4984.0,2,2022-04-14 11:21:51
1205,rb2210,SHFE,0_0_     1897182,     2498597,多,平今,4983.0,1,2022-04-14 11:21:55
1206,rb2210,SHFE,0_0_     1898062,     2498640,空,平今,4984.0,1,2022-04-14 11:21:55
1207,rb2210,SHFE,0_0_     1898209,     2498933,空,开,4984.0,1,2022-04-14 11:21:57
1208,rb2210,SHFE,0_0_     1898218,     2499034,多,平今,4983.0,1,2022-04-14 11:21:57
1209,rb2210,SHFE,0_0_     1898246,     2499130,空,开,4984.0,3,2022-04-14 11:21:58
1210,rb2210,SHFE,0_0_     1898275,     2499260,多,平今,4983.0,3,2022-04-14 11:21:59
1211,rb2210,SHFE,0_0_     1899572,     2501175,多,开,4984.000000000001,2,2022-04-14 11:22:08
1212,rb2210,SHFE,0_0_     1899886,     2501571,空,平今,4984.0,1,2022-04-14 11:22:11
1213,rb2210,SHFE,0_0_     1900178,     2503677,空,开,4984.0,3,2022-04-14 11:22:23
1214,rb2210,SHFE,0_0_     1901971,     2505371,空,开,4984.000000000001,2,2022-04-14 11:22:37
1215,rb2210,SHFE,0_0_     1901971,     2505404,空,开,4984.0,2,2022-04-14 11:22:37
1216,rb2210,SHFE,0_0_     1903706,     2506028,多,平今,4984.0,1,2022-04-14 11:22:42
1217,rb2210,SHFE,0_0_     1905006,     2508692,多,平今,4986.000000000001,2,2022-04-14 11:22:57
1218,rb2210,SHFE,0_0_     1905272,     2509159,空,开,4987.0,4,2022-04-14 11:23:00
1219,rb2210,SHFE,0_0_     1905816,     2509550,多,平今,4987.0,2,2022-04-14 11:23:01
1220,rb2210,SHFE,0_0_     1905583,     2509569,多,开,4986.0,1,2022-04-14 11:23:01
1221,rb2210,SHFE,0_0_     1905583,     2509579,多,开,4986.0,1,2022-04-14 11:23:01
1222,rb2210,SHFE,0_0_     1906021,     2509904,空,平今,4987.0,1,2022-04-14 11:23:02
1223,rb2210,SHFE,0_0_     1906253,     2510342,多,平今,4987.0,2,2022-04-14 11:23:05
1224,rb2210,SHFE,0_0_     1906445,     2510355,多,开,4987.0,2,2022-04-14 11:23:05
1225,rb2210,SHFE,0_0_     1906993,     2511297,空,平今,4988.0,2,2022-04-14 11:23:09
1226,rb2210,SHFE,0_0_     1908928,     2515688,多,开,4989.0,1,2022-04-14 11:23:35
1227,rb2210,SHFE,0_0_     1908928,     2515706,多,开,4989.0,1,2022-04-14 11:23:35
1228,rb2210,SHFE,0_0_     1908928,     2515708,多,开,4989.0,1,2022-04-14 11:23:35
1229,rb2210,SHFE,0_0_     1909269,     2516028,多,开,4990.0,1,2022-04-14 11:23:37
1230,rb2210,SHFE,0_0_     1907001,     2519585,多,开,4987.0,2,2022-04-14 11:23:58
1231,rb2210,SHFE,0_0_     1911489,     2519895,空,平今,4988.0,2,2022-04-14 11:24:00
1232,rb2210,SHFE,0_0_     1911785,     2520102,多,开,4988.0,1,2022-04-14 11:24:01
1233,rb2210,SHFE,0_0_     1911785,     2520113,多,开,4988.0,1,2022-04-14 11:24:01
