,code,exchange,orderid,tradeid,direction,offset,price,volume,datetime
0,rb2210,SHFE,0_0_         715,       48107,空,平昨,4884.0,4,2022-04-11 21:00:22
1,rb2210,SHFE,0_0_         790,       48246,多,开,4883.0,3,2022-04-11 21:00:22
2,rb2210,SHFE,0_0_         790,       48248,多,开,4883.0,1,2022-04-11 21:00:22
3,rb2210,SHFE,0_0_         791,       48532,空,平昨,4884.0,3,2022-04-11 21:00:22
4,rb2210,SHFE,0_0_         791,       48580,空,平昨,4884.0,1,2022-04-11 21:00:22
5,rb2210,SHFE,0_0_         808,       48593,多,开,4883.0,4,2022-04-11 21:00:22
6,rb2210,SHFE,0_0_        1201,       61474,空,平今,4891.0,4,2022-04-11 21:00:36
7,rb2210,SHFE,0_0_        1213,       62164,空,平今,4891.0,4,2022-04-11 21:00:37
8,rb2210,SHFE,0_0_        1360,       65065,空,开,4892.0,3,2022-04-11 21:00:41
9,rb2210,SHFE,0_0_        2301,       83854,多,开,4890.0,8,2022-04-11 21:01:05
10,rb2210,SHFE,0_0_        2380,       84649,空,平今,4890.0,8,2022-04-11 21:01:06
11,rb2210,SHFE,0_0_        2407,       89476,空,开,4890.0,2,2022-04-11 21:01:12
12,rb2210,SHFE,0_0_        2407,       89481,空,开,4890.0,1,2022-04-11 21:01:12
13,rb2210,SHFE,0_0_        2407,       89544,空,开,4890.0,1,2022-04-11 21:01:12
14,rb2210,SHFE,0_0_        2568,       90489,多,平今,4889.0,5,2022-04-11 21:01:13
15,rb2210,SHFE,0_0_        2568,       90501,多,平今,4889.0,1,2022-04-11 21:01:13
16,rb2210,SHFE,0_0_        2568,       91257,多,平今,4889.0,1,2022-04-11 21:01:14
17,rb2210,SHFE,0_0_        2644,       92172,空,开,4890.0,1,2022-04-11 21:01:15
18,rb2210,SHFE,0_0_        2644,       92256,空,开,4890.0,1,2022-04-11 21:01:16
19,rb2210,SHFE,0_0_        2644,       92257,空,开,4890.0,4,2022-04-11 21:01:16
20,rb2210,SHFE,0_0_        2659,       93316,多,平今,4889.0,1,2022-04-11 21:01:17
21,rb2210,SHFE,0_0_        2659,       93317,多,平今,4889.0,1,2022-04-11 21:01:17
22,rb2210,SHFE,0_0_        2659,       93321,多,平今,4889.0,1,2022-04-11 21:01:17
23,rb2210,SHFE,0_0_        2659,       93504,多,平今,4889.0,2,2022-04-11 21:01:17
24,rb2210,SHFE,0_0_        2706,       95504,多,开,4889.0,4,2022-04-11 21:01:20
25,rb2210,SHFE,0_0_        2786,       95650,空,平今,4890.0,1,2022-04-11 21:01:21
26,rb2210,SHFE,0_0_        2786,       95687,空,平今,4890.0,1,2022-04-11 21:01:21
27,rb2210,SHFE,0_0_        2786,       95688,空,平今,4890.0,1,2022-04-11 21:01:21
28,rb2210,SHFE,0_0_        2786,       95689,空,平今,4890.0,1,2022-04-11 21:01:21
29,rb2210,SHFE,0_0_        2789,       95957,空,开,4890.0,3,2022-04-11 21:01:21
30,rb2210,SHFE,0_0_        2789,       95996,空,开,4890.0,1,2022-04-11 21:01:21
31,rb2210,SHFE,0_0_        3187,      106367,多,开,4892.0,1,2022-04-11 21:01:34
32,rb2210,SHFE,0_0_        3187,      106424,多,开,4892.0,1,2022-04-11 21:01:34
33,rb2210,SHFE,0_0_        3187,      106431,多,开,4892.0,1,2022-04-11 21:01:34
34,rb2210,SHFE,0_0_        3187,      106592,多,开,4892.0,2,2022-04-11 21:01:34
35,rb2210,SHFE,0_0_        3187,      106705,多,开,4892.0,3,2022-04-11 21:01:34
36,rb2210,SHFE,0_0_        2875,      109483,多,平今,4891.0,4,2022-04-11 21:01:38
37,rb2210,SHFE,0_0_        2800,      111536,多,平昨,4889.0,1,2022-04-11 21:01:41
38,rb2210,SHFE,0_0_        3417,      112451,空,开,4891.0,6,2022-04-11 21:01:42
39,rb2210,SHFE,0_0_        3333,      112725,空,平今,4892.0,4,2022-04-11 21:01:43
40,rb2210,SHFE,0_0_        3470,      112864,空,平今,4890.0,2,2022-04-11 21:01:43
41,rb2210,SHFE,0_0_        3470,      112865,空,平今,4890.0,1,2022-04-11 21:01:43
42,rb2210,SHFE,0_0_        3470,      112866,空,平今,4890.0,1,2022-04-11 21:01:43
43,rb2210,SHFE,0_0_        3471,      113483,多,平今,4889.0,1,2022-04-11 21:01:44
44,rb2210,SHFE,0_0_        3471,      113591,多,平今,4889.0,2,2022-04-11 21:01:44
45,rb2210,SHFE,0_0_        3471,      113629,多,平今,4889.0,1,2022-04-11 21:01:44
46,rb2210,SHFE,0_0_        3534,      114503,空,开,4890.0,2,2022-04-11 21:01:46
47,rb2210,SHFE,0_0_        3534,      114542,空,开,4890.0,1,2022-04-11 21:01:46
48,rb2210,SHFE,0_0_        3593,      114575,多,平今,4889.0,3,2022-04-11 21:01:46
49,rb2210,SHFE,0_0_        4921,      133493,多,开,4894.0,4,2022-04-11 21:02:21
50,rb2210,SHFE,0_0_        4949,      134038,空,平今,4894.0,1,2022-04-11 21:02:22
51,rb2210,SHFE,0_0_        5074,      135447,空,开,4894.0,4,2022-04-11 21:02:25
52,rb2210,SHFE,0_0_        5167,      136324,空,平今,4894.0,1,2022-04-11 21:02:26
53,rb2210,SHFE,0_0_        5283,      137398,多,平今,4893.0,2,2022-04-11 21:02:29
54,rb2210,SHFE,0_0_        5557,      140701,多,平今,4893.0,1,2022-04-11 21:02:38
55,rb2210,SHFE,0_0_        5643,      141346,多,平今,4893.0,1,2022-04-11 21:02:39
56,rb2210,SHFE,0_0_        4076,      142353,多,开,4892.0,4,2022-04-11 21:02:42
57,rb2210,SHFE,0_0_        5927,      146186,多,平今,4892.0,1,2022-04-11 21:02:51
58,rb2210,SHFE,0_0_        6126,      146890,空,平今,4893.0,1,2022-04-11 21:02:52
59,rb2210,SHFE,0_0_        6253,      148378,空,平今,4893.0,4,2022-04-11 21:02:56
60,rb2210,SHFE,0_0_        6728,      151463,多,开,4894.0,4,2022-04-11 21:03:03
61,rb2210,SHFE,0_0_        6912,      153613,空,平今,4894.0,4,2022-04-11 21:03:07
62,rb2210,SHFE,0_0_        7496,      158227,多,开,4893.0,1,2022-04-11 21:03:15
63,rb2210,SHFE,0_0_        6372,      158235,多,平今,4892.0,2,2022-04-11 21:03:15
64,rb2210,SHFE,0_0_        7535,      158515,空,平今,4893.0,1,2022-04-11 21:03:16
65,rb2210,SHFE,0_0_        7649,      160867,空,开,4891.0,4,2022-04-11 21:03:20
66,rb2210,SHFE,0_0_        7935,      163771,多,平今,4889.0,2,2022-04-11 21:03:25
67,rb2210,SHFE,0_0_        7968,      164522,空,开,4890.0,2,2022-04-11 21:03:27
68,rb2210,SHFE,0_0_        8049,      164536,多,平今,4889.0,1,2022-04-11 21:03:27
69,rb2210,SHFE,0_0_        8049,      164551,多,平今,4889.0,1,2022-04-11 21:03:27
70,rb2210,SHFE,0_0_        8628,      169026,多,平今,4884.0,1,2022-04-11 21:03:38
71,rb2210,SHFE,0_0_        8054,      179305,空,开,4890.0,2,2022-04-11 21:04:07
72,rb2210,SHFE,0_0_       10691,      179791,多,平今,4889.0,2,2022-04-11 21:04:08
73,rb2210,SHFE,0_0_       10796,      180710,空,开,4890.0,2,2022-04-11 21:04:10
74,rb2210,SHFE,0_0_       13816,      192460,多,开,4895.0,4,2022-04-11 21:04:41
75,rb2210,SHFE,0_0_       16882,      202846,空,平今,4896.0,4,2022-04-11 21:05:05
76,rb2210,SHFE,0_0_       16902,      203629,多,开,4895.0,1,2022-04-11 21:05:06
77,rb2210,SHFE,0_0_       16902,      203631,多,开,4895.0,2,2022-04-11 21:05:06
78,rb2210,SHFE,0_0_       16902,      203663,多,开,4895.0,2,2022-04-11 21:05:06
79,rb2210,SHFE,0_0_       16902,      203892,多,开,4895.0,1,2022-04-11 21:05:07
80,rb2210,SHFE,0_0_       17897,      205849,空,平今,4897.0,1,2022-04-11 21:05:11
81,rb2210,SHFE,0_0_       26231,      232864,空,开,4886.0,1,2022-04-11 21:06:09
82,rb2210,SHFE,0_0_       26231,      232865,空,开,4886.0,1,2022-04-11 21:06:09
83,rb2210,SHFE,0_0_       26231,      232866,空,开,4886.0,1,2022-04-11 21:06:09
84,rb2210,SHFE,0_0_       27405,      236379,多,平今,4884.0,1,2022-04-11 21:06:16
85,rb2210,SHFE,0_0_       30529,      245740,空,平今,4886.0,1,2022-04-11 21:06:42
86,rb2210,SHFE,0_0_       40951,      267341,多,平今,4883.0,1,2022-04-11 21:07:47
87,rb2210,SHFE,0_0_       41225,      268707,空,平今,4882.0,1,2022-04-11 21:07:50
88,rb2210,SHFE,0_0_       41225,      268718,空,平今,4882.0,1,2022-04-11 21:07:50
89,rb2210,SHFE,0_0_       50772,      284277,空,开,4878.0,1,2022-04-11 21:08:35
90,rb2210,SHFE,0_0_       50772,      284284,空,开,4878.0,1,2022-04-11 21:08:35
91,rb2210,SHFE,0_0_       50772,      284328,空,开,4878.0,1,2022-04-11 21:08:35
92,rb2210,SHFE,0_0_       50772,      284332,空,开,4878.0,1,2022-04-11 21:08:35
93,rb2210,SHFE,0_0_       52722,      287808,多,平今,4876.0,2,2022-04-11 21:08:46
94,rb2210,SHFE,0_0_       53138,      288037,多,平今,4877.0,4,2022-04-11 21:08:46
95,rb2210,SHFE,0_0_       61335,      299527,多,开,4876.0,4,2022-04-11 21:09:28
96,rb2210,SHFE,0_0_       65005,      304137,多,平今,4875.0,2,2022-04-11 21:09:47
97,rb2210,SHFE,0_0_       62350,      308091,空,平今,4877.0,1,2022-04-11 21:10:03
98,rb2210,SHFE,0_0_       68451,      310249,多,开,4877.0,2,2022-04-11 21:10:07
99,rb2210,SHFE,0_0_       71450,      313882,空,平今,4877.0,3,2022-04-11 21:10:17
100,rb2210,SHFE,0_0_       71734,      314512,多,开,4876.0,3,2022-04-11 21:10:18
101,rb2210,SHFE,0_0_       74355,      318587,空,平今,4876.0,1,2022-04-11 21:10:28
102,rb2210,SHFE,0_0_       74870,      319415,空,平今,4876.0,3,2022-04-11 21:10:31
103,rb2210,SHFE,0_0_       71929,      321045,空,平今,4877.0,3,2022-04-11 21:10:37
104,rb2210,SHFE,0_0_       82740,      328583,空,开,4877.0,1,2022-04-11 21:11:05
105,rb2210,SHFE,0_0_       82740,      328584,空,开,4877.0,1,2022-04-11 21:11:05
106,rb2210,SHFE,0_0_       82740,      328585,空,开,4877.0,1,2022-04-11 21:11:05
107,rb2210,SHFE,0_0_       82740,      328586,空,开,4877.0,1,2022-04-11 21:11:05
108,rb2210,SHFE,0_0_       82740,      328587,空,开,4877.0,1,2022-04-11 21:11:05
109,rb2210,SHFE,0_0_       82740,      328588,空,开,4877.0,1,2022-04-11 21:11:05
110,rb2210,SHFE,0_0_       83305,      329779,多,平今,4877.0,2,2022-04-11 21:11:10
111,rb2210,SHFE,0_0_       76654,      330816,多,开,4876.0,3,2022-04-11 21:11:13
112,rb2210,SHFE,0_0_       75614,      332763,多,开,4875.0,3,2022-04-11 21:11:20
113,rb2210,SHFE,0_0_       86754,      333388,空,平今,4876.0,3,2022-04-11 21:11:23
114,rb2210,SHFE,0_0_       88267,      335340,空,开,4874.0,1,2022-04-11 21:11:29
115,rb2210,SHFE,0_0_       87198,      338436,空,开,4876.0,2,2022-04-11 21:11:42
116,rb2210,SHFE,0_0_       92174,      339870,多,平今,4876.0,4,2022-04-11 21:11:48
117,rb2210,SHFE,0_0_       98720,      362828,多,平今,4884.0,3,2022-04-11 21:13:16
118,rb2210,SHFE,0_0_      115698,      366561,空,开,4882.0,3,2022-04-11 21:13:31
119,rb2210,SHFE,0_0_      119401,      373200,空,开,4880.0,4,2022-04-11 21:13:55
120,rb2210,SHFE,0_0_      119475,      377620,多,平今,4879.0,4,2022-04-11 21:14:08
121,rb2210,SHFE,0_0_      124495,      392708,空,开,4875.0,2,2022-04-11 21:14:44
122,rb2210,SHFE,0_0_      124495,      392857,空,开,4875.0,1,2022-04-11 21:14:45
123,rb2210,SHFE,0_0_      124495,      392865,空,开,4875.0,1,2022-04-11 21:14:45
124,rb2210,SHFE,0_0_      127018,      393209,多,平今,4874.0,2,2022-04-11 21:14:46
125,rb2210,SHFE,0_0_      127284,      400431,空,平今,4875.0,1,2022-04-11 21:15:03
126,rb2210,SHFE,0_0_      134561,      408196,多,平今,4876.0,1,2022-04-11 21:15:23
127,rb2210,SHFE,0_0_      143153,      420561,多,开,4878.0,4,2022-04-11 21:16:15
128,rb2210,SHFE,0_0_      153887,      435341,多,平今,4881.0,3,2022-04-11 21:17:32
129,rb2210,SHFE,0_0_      154321,      435564,空,平今,4882.0,3,2022-04-11 21:17:33
130,rb2210,SHFE,0_0_      165733,      452015,空,平今,4884.0,4,2022-04-11 21:18:55
131,rb2210,SHFE,0_0_      166268,      452495,空,开,4883.0,1,2022-04-11 21:18:58
132,rb2210,SHFE,0_0_      168628,      455475,空,开,4882.0,4,2022-04-11 21:19:07
133,rb2210,SHFE,0_0_      177432,      465009,多,开,4885.000000000001,8,2022-04-11 21:20:05
134,rb2210,SHFE,0_0_      183496,      473608,空,平今,4886.0,1,2022-04-11 21:20:40
135,rb2210,SHFE,0_0_      184352,      475281,空,平今,4887.0,3,2022-04-11 21:20:50
136,rb2210,SHFE,0_0_      184352,      475304,空,平今,4887.0,4,2022-04-11 21:20:51
137,rb2210,SHFE,0_0_      186087,      478836,多,平今,4886.0,1,2022-04-11 21:21:11
138,rb2210,SHFE,0_0_      188336,      479143,空,开,4887.0,2,2022-04-11 21:21:13
139,rb2210,SHFE,0_0_      177303,      483165,多,平今,4884.0,3,2022-04-11 21:21:33
140,rb2210,SHFE,0_0_      192031,      485429,空,开,4884.0,1,2022-04-11 21:21:49
141,rb2210,SHFE,0_0_      200464,      494933,空,开,4887.0,1,2022-04-11 21:22:36
142,rb2210,SHFE,0_0_      192438,      500741,多,平今,4883.0,4,2022-04-11 21:23:19
143,rb2210,SHFE,0_0_      206678,      500782,空,开,4884.0,4,2022-04-11 21:23:19
144,rb2210,SHFE,0_0_      206855,      501222,多,平今,4883.0,1,2022-04-11 21:23:23
145,rb2210,SHFE,0_0_      211722,      507025,多,平今,4883.0,4,2022-04-11 21:24:00
146,rb2210,SHFE,0_0_      207175,      508616,空,开,4884.0,1,2022-04-11 21:24:10
147,rb2210,SHFE,0_0_      212996,      508857,多,平今,4883.0,1,2022-04-11 21:24:11
148,rb2210,SHFE,0_0_      214559,      510337,空,开,4881.0,4,2022-04-11 21:24:21
149,rb2210,SHFE,0_0_      228718,      528807,多,开,4880.0,8,2022-04-11 21:26:03
150,rb2210,SHFE,0_0_      229981,      530039,空,平今,4880.0,5,2022-04-11 21:26:11
151,rb2210,SHFE,0_0_      230050,      530187,空,平今,4880.0,3,2022-04-11 21:26:12
152,rb2210,SHFE,0_0_      231948,      532658,空,开,4879.0,2,2022-04-11 21:26:28
153,rb2210,SHFE,0_0_      237520,      538672,多,平今,4879.0,4,2022-04-11 21:27:20
154,rb2210,SHFE,0_0_      254092,      562860,空,开,4879.0,1,2022-04-11 21:29:38
155,rb2210,SHFE,0_0_      254092,      562871,空,开,4879.0,2,2022-04-11 21:29:38
156,rb2210,SHFE,0_0_      254092,      562997,空,开,4879.0,1,2022-04-11 21:29:39
157,rb2210,SHFE,0_0_      267740,      581318,多,平今,4880.0,2,2022-04-11 21:31:00
158,rb2210,SHFE,0_0_      213091,      595525,空,开,4884.0,1,2022-04-11 21:32:19
159,rb2210,SHFE,0_0_      280833,      595709,多,平今,4883.0,1,2022-04-11 21:32:19
160,rb2210,SHFE,0_0_      280920,      595745,空,开,4884.0,1,2022-04-11 21:32:19
161,rb2210,SHFE,0_0_      280926,      600479,多,平今,4883.0,1,2022-04-11 21:32:42
162,rb2210,SHFE,0_0_      295927,      618207,空,开,4886.0,1,2022-04-11 21:34:26
163,rb2210,SHFE,0_0_      297149,      620339,空,开,4886.0,1,2022-04-11 21:34:34
164,rb2210,SHFE,0_0_      300544,      628099,多,开,4885.0,3,2022-04-11 21:35:06
165,rb2210,SHFE,0_0_      300544,      628137,多,开,4885.0,3,2022-04-11 21:35:06
166,rb2210,SHFE,0_0_      302026,      658222,空,平今,4886.0,1,2022-04-11 21:37:22
167,rb2210,SHFE,0_0_      302026,      658224,空,平今,4886.0,1,2022-04-11 21:37:22
168,rb2210,SHFE,0_0_      324570,      659613,多,开,4885.0,4,2022-04-11 21:37:32
169,rb2210,SHFE,0_0_      341450,      681195,多,平今,4894.0,1,2022-04-11 21:39:13
170,rb2210,SHFE,0_0_      367966,      710018,多,平今,4890.0,1,2022-04-11 21:41:51
171,rb2210,SHFE,0_0_      367966,      710161,多,平今,4890.0,1,2022-04-11 21:41:52
172,rb2210,SHFE,0_0_      368221,      710713,空,平今,4891.0,2,2022-04-11 21:41:54
173,rb2210,SHFE,0_0_      368721,      711280,多,平今,4890.0,1,2022-04-11 21:41:56
174,rb2210,SHFE,0_0_      351365,      711909,空,平今,4892.0,2,2022-04-11 21:42:01
175,rb2210,SHFE,0_0_      370018,      711930,多,平今,4891.0,1,2022-04-11 21:42:01
176,rb2210,SHFE,0_0_      370018,      711956,多,平今,4891.0,1,2022-04-11 21:42:01
177,rb2210,SHFE,0_0_      370367,      712281,空,开,4891.000000000001,4,2022-04-11 21:42:03
178,rb2210,SHFE,0_0_      371525,      714030,多,平今,4891.0,1,2022-04-11 21:42:13
179,rb2210,SHFE,0_0_      372527,      714662,空,平今,4892.0,1,2022-04-11 21:42:17
180,rb2210,SHFE,0_0_      372653,      714736,多,平今,4891.0,1,2022-04-11 21:42:18
181,rb2210,SHFE,0_0_      372751,      715624,多,平今,4891.0,2,2022-04-11 21:42:22
182,rb2210,SHFE,0_0_      373907,      716442,多,开,4891.000000000001,1,2022-04-11 21:42:29
183,rb2210,SHFE,0_0_      373907,      716450,多,开,4891.000000000001,1,2022-04-11 21:42:30
184,rb2210,SHFE,0_0_      376114,      718338,多,开,4891.0,1,2022-04-11 21:42:40
185,rb2210,SHFE,0_0_      376114,      718352,多,开,4891.0,1,2022-04-11 21:42:40
186,rb2210,SHFE,0_0_      376114,      718411,多,开,4891.0,1,2022-04-11 21:42:40
187,rb2210,SHFE,0_0_      378117,      719976,空,平今,4892.0,1,2022-04-11 21:42:50
188,rb2210,SHFE,0_0_      378314,      720089,空,平今,4892.0,4,2022-04-11 21:42:51
189,rb2210,SHFE,0_0_      378734,      720362,多,平今,4892.0,1,2022-04-11 21:42:54
190,rb2210,SHFE,0_0_      379063,      721349,多,开,4891.0,4,2022-04-11 21:43:01
191,rb2210,SHFE,0_0_      381044,      723075,空,平今,4891.0,2,2022-04-11 21:43:13
192,rb2210,SHFE,0_0_      380176,      727062,空,平今,4892.0,1,2022-04-11 21:43:37
193,rb2210,SHFE,0_0_      380176,      727084,空,平今,4892.0,1,2022-04-11 21:43:38
194,rb2210,SHFE,0_0_      380176,      727102,空,平今,4892.0,1,2022-04-11 21:43:38
195,rb2210,SHFE,0_0_      380176,      727417,空,平今,4892.0,1,2022-04-11 21:43:39
196,rb2210,SHFE,0_0_      385069,      728960,多,开,4891.0,1,2022-04-11 21:43:46
197,rb2210,SHFE,0_0_      385772,      729027,多,开,4891.0,2,2022-04-11 21:43:46
198,rb2210,SHFE,0_0_      386144,      729940,多,开,4892.0,1,2022-04-11 21:43:49
199,rb2210,SHFE,0_0_      385990,      732806,多,开,4891.0,2,2022-04-11 21:44:05
200,rb2210,SHFE,0_0_      385990,      732886,多,开,4891.0,1,2022-04-11 21:44:06
201,rb2210,SHFE,0_0_      389170,      733721,空,平今,4892.0,1,2022-04-11 21:44:11
202,rb2210,SHFE,0_0_      400370,      749344,空,开,4889.0,3,2022-04-11 21:45:41
203,rb2210,SHFE,0_0_      400370,      749345,空,开,4889.0,1,2022-04-11 21:45:41
204,rb2210,SHFE,0_0_      390138,      751623,空,平今,4892.0,1,2022-04-11 21:45:51
205,rb2210,SHFE,0_0_      390138,      751647,空,平今,4892.0,1,2022-04-11 21:45:51
206,rb2210,SHFE,0_0_      390138,      751779,空,平今,4892.0,1,2022-04-11 21:45:51
207,rb2210,SHFE,0_0_      390169,      751966,空,平今,4892.0,2,2022-04-11 21:45:52
208,rb2210,SHFE,0_0_      406502,      752673,多,开,4892.0,2,2022-04-11 21:45:55
209,rb2210,SHFE,0_0_      406560,      752679,多,开,4892.0,3,2022-04-11 21:45:55
210,rb2210,SHFE,0_0_      407047,      753924,多,开,4893.0,1,2022-04-11 21:46:01
211,rb2210,SHFE,0_0_      413874,      763666,空,平今,4893.0,1,2022-04-11 21:47:03
212,rb2210,SHFE,0_0_      407499,      765067,空,平今,4894.0,1,2022-04-11 21:47:09
213,rb2210,SHFE,0_0_      417436,      766743,空,平今,4894.0,1,2022-04-11 21:47:15
214,rb2210,SHFE,0_0_      420954,      772033,多,平今,4899.0,1,2022-04-11 21:47:37
215,rb2210,SHFE,0_0_      420954,      772039,多,平今,4899.0,1,2022-04-11 21:47:37
216,rb2210,SHFE,0_0_      420954,      772040,多,平今,4899.0,1,2022-04-11 21:47:37
217,rb2210,SHFE,0_0_      421795,      773502,空,平今,4900.0,1,2022-04-11 21:47:42
218,rb2210,SHFE,0_0_      423181,      775908,空,平今,4902.0,2,2022-04-11 21:47:52
219,rb2210,SHFE,0_0_      423533,      776359,空,平今,4902.0,1,2022-04-11 21:47:54
220,rb2210,SHFE,0_0_      423875,      778122,空,平今,4902.0,1,2022-04-11 21:48:00
221,rb2210,SHFE,0_0_      424386,      778673,多,平今,4901.000000000001,1,2022-04-11 21:48:01
222,rb2210,SHFE,0_0_      425317,      780124,空,开,4902.0,4,2022-04-11 21:48:05
223,rb2210,SHFE,0_0_      425496,      780625,空,开,4902.0,4,2022-04-11 21:48:07
224,rb2210,SHFE,0_0_      425644,      780833,多,平今,4901.0,6,2022-04-11 21:48:07
225,rb2210,SHFE,0_0_      425669,      780953,空,开,4902.0,6,2022-04-11 21:48:07
226,rb2210,SHFE,0_0_      427194,      783849,多,开,4903.0,2,2022-04-11 21:48:16
227,rb2210,SHFE,0_0_      427240,      784377,多,平今,4903.0,1,2022-04-11 21:48:19
228,rb2210,SHFE,0_0_      432808,      791328,多,开,4904.0,2,2022-04-11 21:48:39
229,rb2210,SHFE,0_0_      426781,      793054,多,开,4902.0,4,2022-04-11 21:48:46
230,rb2210,SHFE,0_0_      427033,      793066,多,平今,4902.0,1,2022-04-11 21:48:46
231,rb2210,SHFE,0_0_      425743,      793597,多,平今,4901.0,1,2022-04-11 21:48:47
232,rb2210,SHFE,0_0_      425743,      793598,多,平今,4901.0,1,2022-04-11 21:48:47
233,rb2210,SHFE,0_0_      425743,      793644,多,平今,4901.0,2,2022-04-11 21:48:48
234,rb2210,SHFE,0_0_      425743,      793645,多,平今,4901.0,2,2022-04-11 21:48:48
235,rb2210,SHFE,0_0_      435207,      794521,空,开,4901.0,4,2022-04-11 21:48:52
236,rb2210,SHFE,0_0_      438557,      807002,空,平今,4900.0,1,2022-04-11 21:49:36
237,rb2210,SHFE,0_0_      438557,      807006,空,平今,4900.0,1,2022-04-11 21:49:36
238,rb2210,SHFE,0_0_      446376,      812953,空,开,4900.0,2,2022-04-11 21:50:03
239,rb2210,SHFE,0_0_      434921,      813595,空,平今,4902.0,4,2022-04-11 21:50:06
240,rb2210,SHFE,0_0_      448132,      813636,多,平今,4901.0,4,2022-04-11 21:50:06
241,rb2210,SHFE,0_0_      459105,      825243,多,开,4902.0,1,2022-04-11 21:51:08
242,rb2210,SHFE,0_0_      459105,      825258,多,开,4902.0,3,2022-04-11 21:51:08
243,rb2210,SHFE,0_0_      459446,      825919,空,平今,4902.0,4,2022-04-11 21:51:11
244,rb2210,SHFE,0_0_      460094,      826541,多,开,4903.0,1,2022-04-11 21:51:13
245,rb2210,SHFE,0_0_      460094,      826544,多,开,4903.0,1,2022-04-11 21:51:13
246,rb2210,SHFE,0_0_      460094,      826545,多,开,4903.0,1,2022-04-11 21:51:13
247,rb2210,SHFE,0_0_      460094,      826554,多,开,4903.0,1,2022-04-11 21:51:13
248,rb2210,SHFE,0_0_      483526,      853819,多,平今,4901.0,1,2022-04-11 21:53:23
249,rb2210,SHFE,0_0_      484057,      854625,多,开,4901.0,1,2022-04-11 21:53:28
250,rb2210,SHFE,0_0_      484196,      867515,空,平今,4902.0,1,2022-04-11 21:54:34
251,rb2210,SHFE,0_0_      494742,      867672,空,平今,4902.0,1,2022-04-11 21:54:35
252,rb2210,SHFE,0_0_      498080,      871693,多,开,4903.0,1,2022-04-11 21:54:54
253,rb2210,SHFE,0_0_      494665,      874318,多,开,4901.0,1,2022-04-11 21:55:06
254,rb2210,SHFE,0_0_      502288,      882841,空,平今,4901.0,1,2022-04-11 21:55:43
255,rb2210,SHFE,0_0_      506701,      882854,多,开,4900.0,1,2022-04-11 21:55:43
256,rb2210,SHFE,0_0_      506726,      885004,空,平今,4901.0,1,2022-04-11 21:56:00
257,rb2210,SHFE,0_0_      508959,      885045,多,开,4900.0,1,2022-04-11 21:56:00
258,rb2210,SHFE,0_0_      510218,      886577,空,平今,4901.0,4,2022-04-11 21:56:08
259,rb2210,SHFE,0_0_      499892,      886702,空,平今,4902.0,1,2022-04-11 21:56:09
260,rb2210,SHFE,0_0_      510543,      886775,多,开,4901.0,1,2022-04-11 21:56:10
261,rb2210,SHFE,0_0_      510498,      893170,多,开,4900.000000000001,4,2022-04-11 21:56:49
262,rb2210,SHFE,0_0_      519523,      898925,空,开,4898.0,1,2022-04-11 21:57:21
263,rb2210,SHFE,0_0_      519523,      898981,空,开,4898.0,1,2022-04-11 21:57:21
264,rb2210,SHFE,0_0_      519523,      899047,空,开,4898.0,2,2022-04-11 21:57:22
265,rb2210,SHFE,0_0_      519523,      899225,空,开,4898.0,1,2022-04-11 21:57:23
266,rb2210,SHFE,0_0_      519523,      899227,空,开,4898.0,1,2022-04-11 21:57:23
267,rb2210,SHFE,0_0_      519523,      899228,空,开,4898.0,1,2022-04-11 21:57:23
268,rb2210,SHFE,0_0_      522909,      902202,多,平今,4898.000000000001,1,2022-04-11 21:57:41
269,rb2210,SHFE,0_0_      522909,      902277,多,平今,4898.0,2,2022-04-11 21:57:41
270,rb2210,SHFE,0_0_      522909,      902281,多,平今,4898.0,1,2022-04-11 21:57:41
271,rb2210,SHFE,0_0_      516353,      905111,空,平今,4901.0,4,2022-04-11 21:58:00
272,rb2210,SHFE,0_0_      526525,      905335,多,开,4900.0,2,2022-04-11 21:58:01
273,rb2210,SHFE,0_0_      526525,      905336,多,开,4900.0,2,2022-04-11 21:58:01
274,rb2210,SHFE,0_0_      526803,      905698,空,平今,4901.0,1,2022-04-11 21:58:03
275,rb2210,SHFE,0_0_      533119,      912765,多,平今,4905.0,1,2022-04-11 21:58:33
276,rb2210,SHFE,0_0_      534872,      916794,空,平今,4908.0,1,2022-04-11 21:58:42
277,rb2210,SHFE,0_0_      534872,      916858,空,平今,4908.0,2,2022-04-11 21:58:42
278,rb2210,SHFE,0_0_      547599,      931056,多,平今,4908.0,2,2022-04-11 21:59:59
279,rb2210,SHFE,0_0_      549666,      934732,空,平今,4909.0,1,2022-04-11 22:00:08
280,rb2210,SHFE,0_0_      553956,      940379,多,开,4909.0,6,2022-04-11 22:00:31
281,rb2210,SHFE,0_0_      554240,      940575,空,平今,4909.0,7,2022-04-11 22:00:31
282,rb2210,SHFE,0_0_      555745,      942473,多,开,4909.0,1,2022-04-11 22:00:37
283,rb2210,SHFE,0_0_      555745,      942476,多,开,4909.0,2,2022-04-11 22:00:37
284,rb2210,SHFE,0_0_      555745,      942477,多,开,4909.0,1,2022-04-11 22:00:37
285,rb2210,SHFE,0_0_      555813,      942883,空,平今,4910.0,4,2022-04-11 22:00:38
286,rb2210,SHFE,0_0_      555916,      947252,多,开,4910.0,5,2022-04-11 22:00:50
287,rb2210,SHFE,0_0_      555916,      947294,多,开,4910.0,1,2022-04-11 22:00:50
288,rb2210,SHFE,0_0_      555916,      947303,多,开,4910.0,1,2022-04-11 22:00:50
289,rb2210,SHFE,0_0_      558170,      948091,空,平今,4910.0,2,2022-04-11 22:00:53
290,rb2210,SHFE,0_0_      577380,      970321,空,开,4905.0,4,2022-04-11 22:02:48
291,rb2210,SHFE,0_0_      579531,      972741,空,平今,4905.0,2,2022-04-11 22:03:01
292,rb2210,SHFE,0_0_      586377,      980307,多,平今,4907.0,1,2022-04-11 22:04:02
293,rb2210,SHFE,0_0_      558658,      980364,空,平今,4909.0,2,2022-04-11 22:04:02
294,rb2210,SHFE,0_0_      592154,      986806,空,平今,4910.0,1,2022-04-11 22:04:49
295,rb2210,SHFE,0_0_      593332,      988682,多,开,4909.0,1,2022-04-11 22:05:03
296,rb2210,SHFE,0_0_      595112,      989745,空,平今,4909.0,1,2022-04-11 22:05:09
297,rb2210,SHFE,0_0_      595112,      989746,空,平今,4909.0,1,2022-04-11 22:05:09
298,rb2210,SHFE,0_0_      595747,      990317,多,开,4909.0,2,2022-04-11 22:05:14
299,rb2210,SHFE,0_0_      595927,      991265,空,开,4909.0,4,2022-04-11 22:05:23
300,rb2210,SHFE,0_0_      586377,      995639,多,平今,4907.0,1,2022-04-11 22:05:47
301,rb2210,SHFE,0_0_      600851,      995687,空,平今,4908.0,1,2022-04-11 22:05:48
302,rb2210,SHFE,0_0_      601569,      996138,多,平今,4908.000000000001,4,2022-04-11 22:05:53
303,rb2210,SHFE,0_0_      602720,      998019,空,平今,4909.0,1,2022-04-11 22:06:08
304,rb2210,SHFE,0_0_      605784,     1001051,多,开,4909.0,3,2022-04-11 22:06:42
305,rb2210,SHFE,0_0_      605784,     1001054,多,开,4909.0,1,2022-04-11 22:06:42
306,rb2210,SHFE,0_0_      613356,     1007775,空,开,4914.0,3,2022-04-11 22:07:13
307,rb2210,SHFE,0_0_      611632,     1008716,多,开,4912.0,1,2022-04-11 22:07:17
308,rb2210,SHFE,0_0_      614225,     1009001,多,平今,4913.0,1,2022-04-11 22:07:18
309,rb2210,SHFE,0_0_      614225,     1009015,多,平今,4913.0,3,2022-04-11 22:07:18
310,rb2210,SHFE,0_0_      611632,     1011089,多,开,4912.0,3,2022-04-11 22:07:29
311,rb2210,SHFE,0_0_      616380,     1012657,空,平今,4913.0,4,2022-04-11 22:07:37
312,rb2210,SHFE,0_0_      620685,     1018309,多,平今,4914.0,1,2022-04-11 22:08:04
313,rb2210,SHFE,0_0_      612811,     1020700,空,平今,4916.0,1,2022-04-11 22:08:10
314,rb2210,SHFE,0_0_      624639,     1023323,多,平今,4915.0,1,2022-04-11 22:08:18
315,rb2210,SHFE,0_0_      630017,     1030120,空,开,4914.0,4,2022-04-11 22:08:49
316,rb2210,SHFE,0_0_      630335,     1031595,多,平今,4914.0,1,2022-04-11 22:08:56
317,rb2210,SHFE,0_0_      630335,     1031615,多,平今,4914.0,3,2022-04-11 22:08:56
318,rb2210,SHFE,0_0_      630958,     1032720,空,开,4915.0,3,2022-04-11 22:08:59
319,rb2210,SHFE,0_0_      630958,     1032822,空,开,4915.0,1,2022-04-11 22:08:59
320,rb2210,SHFE,0_0_      633197,     1040330,多,开,4917.0,1,2022-04-11 22:09:17
321,rb2210,SHFE,0_0_      636343,     1041587,多,开,4917.0,4,2022-04-11 22:09:24
322,rb2210,SHFE,0_0_      636556,     1042027,空,平今,4917.0,3,2022-04-11 22:09:27
323,rb2210,SHFE,0_0_      637387,     1043124,多,开,4917.0,1,2022-04-11 22:09:34
324,rb2210,SHFE,0_0_      639382,     1044966,多,开,4918.0,1,2022-04-11 22:09:44
325,rb2210,SHFE,0_0_      640875,     1046872,空,平今,4917.0,1,2022-04-11 22:09:53
326,rb2210,SHFE,0_0_      640875,     1046886,空,平今,4917.0,1,2022-04-11 22:09:53
327,rb2210,SHFE,0_0_      642253,     1048757,多,开,4918.0,3,2022-04-11 22:10:01
328,rb2210,SHFE,0_0_      642988,     1050733,空,平今,4919.0,1,2022-04-11 22:10:06
329,rb2210,SHFE,0_0_      642988,     1050800,空,平今,4919.0,1,2022-04-11 22:10:06
330,rb2210,SHFE,0_0_      642988,     1050801,空,平今,4919.0,1,2022-04-11 22:10:06
331,rb2210,SHFE,0_0_      643780,     1051425,空,平今,4919.0,3,2022-04-11 22:10:08
332,rb2210,SHFE,0_0_      643780,     1051426,空,平今,4919.0,1,2022-04-11 22:10:08
333,rb2210,SHFE,0_0_      643787,     1052069,多,开,4918.0,4,2022-04-11 22:10:11
334,rb2210,SHFE,0_0_      644325,     1052230,空,平今,4919.0,2,2022-04-11 22:10:11
335,rb2210,SHFE,0_0_      644325,     1052231,空,平今,4919.0,2,2022-04-11 22:10:11
336,rb2210,SHFE,0_0_      644325,     1052232,空,平今,4919.0,1,2022-04-11 22:10:11
337,rb2210,SHFE,0_0_      644417,     1053537,多,开,4918.0,2,2022-04-11 22:10:17
338,rb2210,SHFE,0_0_      644417,     1053549,多,开,4918.0,1,2022-04-11 22:10:17
339,rb2210,SHFE,0_0_      644417,     1053593,多,开,4918.0,2,2022-04-11 22:10:17
340,rb2210,SHFE,0_0_      644823,     1053726,多,开,4918.0,3,2022-04-11 22:10:17
341,rb2210,SHFE,0_0_      645557,     1053755,空,平今,4919.0,3,2022-04-11 22:10:17
342,rb2210,SHFE,0_0_      645557,     1053757,空,平今,4919.0,1,2022-04-11 22:10:17
343,rb2210,SHFE,0_0_      645557,     1053762,空,平今,4919.0,1,2022-04-11 22:10:17
344,rb2210,SHFE,0_0_      645557,     1053763,空,平今,4919.0,1,2022-04-11 22:10:17
345,rb2210,SHFE,0_0_      645557,     1053779,空,平今,4919.0,2,2022-04-11 22:10:17
346,rb2210,SHFE,0_0_      645585,     1054457,多,开,4918.0,1,2022-04-11 22:10:20
347,rb2210,SHFE,0_0_      645585,     1054518,多,开,4918.0,3,2022-04-11 22:10:20
348,rb2210,SHFE,0_0_      645651,     1054555,多,开,4918.0,3,2022-04-11 22:10:20
349,rb2210,SHFE,0_0_      646792,     1055177,空,平今,4917.0,1,2022-04-11 22:10:23
350,rb2210,SHFE,0_0_      631741,     1055301,多,平今,4916.0,1,2022-04-11 22:10:24
351,rb2210,SHFE,0_0_      631741,     1055303,多,平今,4916.0,1,2022-04-11 22:10:24
352,rb2210,SHFE,0_0_      631741,     1055305,多,平今,4916.0,2,2022-04-11 22:10:24
353,rb2210,SHFE,0_0_      647099,     1055317,空,平今,4917.0,4,2022-04-11 22:10:24
354,rb2210,SHFE,0_0_      648416,     1062643,空,平今,4917.0,1,2022-04-11 22:11:12
355,rb2210,SHFE,0_0_      658466,     1073727,多,开,4915.0,3,2022-04-11 22:12:17
356,rb2210,SHFE,0_0_      662631,     1074146,空,平今,4915.0,4,2022-04-11 22:12:19
357,rb2210,SHFE,0_0_      651763,     1074708,多,开,4914.0,1,2022-04-11 22:12:23
358,rb2210,SHFE,0_0_      651763,     1074709,多,开,4914.0,2,2022-04-11 22:12:23
359,rb2210,SHFE,0_0_      662980,     1076634,空,开,4915.0,3,2022-04-11 22:12:32
360,rb2210,SHFE,0_0_      669619,     1081162,多,开,4918.0,4,2022-04-11 22:13:02
361,rb2210,SHFE,0_0_      677316,     1092072,空,平今,4916.0,3,2022-04-11 22:14:09
362,rb2210,SHFE,0_0_      678771,     1093293,空,平今,4919.0,3,2022-04-11 22:14:15
363,rb2210,SHFE,0_0_      679218,     1094989,多,平今,4919.0,2,2022-04-11 22:14:23
364,rb2210,SHFE,0_0_      679218,     1095026,多,平今,4919.0,1,2022-04-11 22:14:23
365,rb2210,SHFE,0_0_      680627,     1097934,空,开,4920.0,1,2022-04-11 22:14:44
366,rb2210,SHFE,0_0_      680627,     1097960,空,开,4920.0,1,2022-04-11 22:14:44
367,rb2210,SHFE,0_0_      680627,     1097974,空,开,4920.0,1,2022-04-11 22:14:44
368,rb2210,SHFE,0_0_      680627,     1097975,空,开,4920.0,1,2022-04-11 22:14:44
369,rb2210,SHFE,0_0_      682256,     1098251,多,平今,4919.0,1,2022-04-11 22:14:46
370,rb2210,SHFE,0_0_      682397,     1098342,多,平今,4919.0,2,2022-04-11 22:14:48
371,rb2210,SHFE,0_0_      682397,     1098343,多,平今,4919.0,1,2022-04-11 22:14:48
372,rb2210,SHFE,0_0_      682517,     1099709,多,开,4919.0,2,2022-04-11 22:14:54
373,rb2210,SHFE,0_0_      683412,     1100647,空,开,4919.0,4,2022-04-11 22:14:57
374,rb2210,SHFE,0_0_      684148,     1102071,空,开,4919.0,4,2022-04-11 22:15:00
375,rb2210,SHFE,0_0_      684751,     1103270,多,平今,4918.0,4,2022-04-11 22:15:03
376,rb2210,SHFE,0_0_      685016,     1103294,多,平今,4918.0,1,2022-04-11 22:15:03
377,rb2210,SHFE,0_0_      687626,     1106548,空,平今,4916.0,1,2022-04-11 22:15:13
378,rb2210,SHFE,0_0_      688444,     1107394,多,平今,4914.000000000001,2,2022-04-11 22:15:18
379,rb2210,SHFE,0_0_      688444,     1107407,多,平今,4914.000000000001,1,2022-04-11 22:15:18
380,rb2210,SHFE,0_0_      688539,     1107618,空,开,4915.0,3,2022-04-11 22:15:19
381,rb2210,SHFE,0_0_      688702,     1107760,多,开,4914.0,1,2022-04-11 22:15:20
382,rb2210,SHFE,0_0_      688702,     1107770,多,开,4914.0,3,2022-04-11 22:15:20
383,rb2210,SHFE,0_0_      688777,     1107838,空,平今,4915.0,4,2022-04-11 22:15:21
384,rb2210,SHFE,0_0_      688879,     1109035,多,开,4914.0,4,2022-04-11 22:15:29
385,rb2210,SHFE,0_0_      689745,     1109262,空,平今,4915.0,4,2022-04-11 22:15:32
386,rb2210,SHFE,0_0_      689923,     1109331,多,开,4914.0,4,2022-04-11 22:15:32
387,rb2210,SHFE,0_0_      692255,     1112747,空,平今,4913.0,3,2022-04-11 22:15:57
388,rb2210,SHFE,0_0_      698378,     1121337,多,平今,4910.0,1,2022-04-11 22:16:50
389,rb2210,SHFE,0_0_      706077,     1130235,空,开,4908.0,2,2022-04-11 22:17:46
390,rb2210,SHFE,0_0_      706077,     1130315,空,开,4908.0,2,2022-04-11 22:17:47
391,rb2210,SHFE,0_0_      706434,     1130494,多,平今,4907.0,2,2022-04-11 22:17:48
392,rb2210,SHFE,0_0_      706518,     1130618,多,平今,4907.0,2,2022-04-11 22:17:49
393,rb2210,SHFE,0_0_      706542,     1130753,空,平今,4908.0,2,2022-04-11 22:17:51
394,rb2210,SHFE,0_0_      711717,     1136832,多,平今,4910.0,1,2022-04-11 22:18:27
395,rb2210,SHFE,0_0_      720210,     1145394,空,平今,4914.0,1,2022-04-11 22:19:24
396,rb2210,SHFE,0_0_      721014,     1154148,多,开,4913.0,3,2022-04-11 22:20:15
397,rb2210,SHFE,0_0_      730354,     1158007,空,平今,4913.0,2,2022-04-11 22:20:45
398,rb2210,SHFE,0_0_      733729,     1158377,多,开,4912.0,2,2022-04-11 22:20:49
399,rb2210,SHFE,0_0_      734084,     1160628,空,平今,4913.0,2,2022-04-11 22:21:02
400,rb2210,SHFE,0_0_      736447,     1163966,多,开,4912.0,2,2022-04-11 22:21:32
401,rb2210,SHFE,0_0_      740073,     1164827,空,平今,4913.000000000001,2,2022-04-11 22:21:38
402,rb2210,SHFE,0_0_      740748,     1165838,多,开,4912.0,2,2022-04-11 22:21:50
403,rb2210,SHFE,0_0_      742861,     1167581,空,开,4913.0,4,2022-04-11 22:22:05
404,rb2210,SHFE,0_0_      746423,     1170070,多,平今,4913.0,4,2022-04-11 22:22:25
405,rb2210,SHFE,0_0_      750784,     1173774,空,平今,4917.0,1,2022-04-11 22:22:50
406,rb2210,SHFE,0_0_      751850,     1175287,空,平今,4917.0,1,2022-04-11 22:23:03
407,rb2210,SHFE,0_0_      753748,     1176510,空,平今,4918.0,1,2022-04-11 22:23:10
408,rb2210,SHFE,0_0_      753806,     1176748,空,开,4918.0,1,2022-04-11 22:23:11
409,rb2210,SHFE,0_0_      753806,     1176760,空,开,4918.0,1,2022-04-11 22:23:12
410,rb2210,SHFE,0_0_      753806,     1176773,空,开,4918.0,1,2022-04-11 22:23:12
411,rb2210,SHFE,0_0_      753806,     1176777,空,开,4918.0,1,2022-04-11 22:23:12
412,rb2210,SHFE,0_0_      754302,     1178399,多,平今,4918.0,3,2022-04-11 22:23:23
413,rb2210,SHFE,0_0_      755059,     1178575,空,开,4919.0,3,2022-04-11 22:23:24
414,rb2210,SHFE,0_0_      755240,     1179023,多,平今,4919.0,1,2022-04-11 22:23:28
415,rb2210,SHFE,0_0_      755240,     1179024,多,平今,4919.0,1,2022-04-11 22:23:28
416,rb2210,SHFE,0_0_      757433,     1182132,空,开,4920.0,4,2022-04-11 22:23:52
417,rb2210,SHFE,0_0_      758320,     1183045,多,平今,4919.0,5,2022-04-11 22:24:01
418,rb2210,SHFE,0_0_      758330,     1185733,空,开,4920.0,6,2022-04-11 22:24:24
419,rb2210,SHFE,0_0_      760631,     1186320,多,开,4920.0,4,2022-04-11 22:24:26
420,rb2210,SHFE,0_0_      760694,     1186443,多,开,4920.0,4,2022-04-11 22:24:27
421,rb2210,SHFE,0_0_      761557,     1192860,空,平今,4922.0,1,2022-04-11 22:25:16
422,rb2210,SHFE,0_0_      768100,     1194789,多,平今,4923.0,1,2022-04-11 22:25:25
423,rb2210,SHFE,0_0_      769314,     1197382,多,开,4924.0,1,2022-04-11 22:25:33
424,rb2210,SHFE,0_0_      769712,     1198225,空,平今,4925.0,1,2022-04-11 22:25:37
425,rb2210,SHFE,0_0_      769712,     1198246,空,平今,4925.0,1,2022-04-11 22:25:37
426,rb2210,SHFE,0_0_      769712,     1198255,空,平今,4925.0,2,2022-04-11 22:25:37
427,rb2210,SHFE,0_0_      769759,     1198429,空,平今,4925.0,4,2022-04-11 22:25:38
428,rb2210,SHFE,0_0_      769888,     1198529,多,开,4925.0,3,2022-04-11 22:25:39
429,rb2210,SHFE,0_0_      769888,     1198530,多,开,4925.0,1,2022-04-11 22:25:39
430,rb2210,SHFE,0_0_      769926,     1198870,多,开,4925.0,4,2022-04-11 22:25:40
431,rb2210,SHFE,0_0_      770530,     1200843,空,平今,4926.0,1,2022-04-11 22:25:50
432,rb2210,SHFE,0_0_      770987,     1200890,多,开,4925.0,1,2022-04-11 22:25:51
433,rb2210,SHFE,0_0_      771033,     1201448,空,平今,4926.0,1,2022-04-11 22:25:53
434,rb2210,SHFE,0_0_      771268,     1202631,多,开,4925.0,1,2022-04-11 22:25:59
435,rb2210,SHFE,0_0_      771678,     1202991,空,平今,4926.0,2,2022-04-11 22:26:00
436,rb2210,SHFE,0_0_      771817,     1203183,多,开,4925.0,2,2022-04-11 22:26:02
437,rb2210,SHFE,0_0_      771966,     1203333,空,平今,4926.0,1,2022-04-11 22:26:02
438,rb2210,SHFE,0_0_      771966,     1203334,空,平今,4926.0,1,2022-04-11 22:26:02
439,rb2210,SHFE,0_0_      771966,     1203335,空,平今,4926.0,1,2022-04-11 22:26:02
440,rb2210,SHFE,0_0_      772013,     1204836,多,开,4925.0,2,2022-04-11 22:26:10
441,rb2210,SHFE,0_0_      772151,     1204844,多,开,4925.0,1,2022-04-11 22:26:10
442,rb2210,SHFE,0_0_      773347,     1206703,空,平今,4926.0,1,2022-04-11 22:26:23
443,rb2210,SHFE,0_0_      773347,     1206704,空,平今,4926.0,1,2022-04-11 22:26:23
444,rb2210,SHFE,0_0_      773843,     1206808,多,开,4925.0,2,2022-04-11 22:26:23
445,rb2210,SHFE,0_0_      774186,     1208854,空,平今,4925.0,1,2022-04-11 22:26:34
446,rb2210,SHFE,0_0_      775652,     1209228,多,开,4925.0,1,2022-04-11 22:26:36
447,rb2210,SHFE,0_0_      779282,     1212999,空,平今,4925.0,2,2022-04-11 22:27:06
448,rb2210,SHFE,0_0_      772721,     1213221,空,平今,4927.0,4,2022-04-11 22:27:08
449,rb2210,SHFE,0_0_      779536,     1213270,多,开,4926.0,1,2022-04-11 22:27:08
450,rb2210,SHFE,0_0_      779536,     1213274,多,开,4926.0,3,2022-04-11 22:27:08
451,rb2210,SHFE,0_0_      779607,     1213421,多,开,4926.0,1,2022-04-11 22:27:09
452,rb2210,SHFE,0_0_      781048,     1216097,空,平今,4929.0,4,2022-04-11 22:27:24
453,rb2210,SHFE,0_0_      781053,     1218633,多,开,4928.0,1,2022-04-11 22:27:44
454,rb2210,SHFE,0_0_      781053,     1218639,多,开,4928.0,2,2022-04-11 22:27:44
455,rb2210,SHFE,0_0_      781053,     1218699,多,开,4928.0,1,2022-04-11 22:27:44
456,rb2210,SHFE,0_0_      782992,     1219062,空,平今,4929.000000000001,1,2022-04-11 22:27:48
457,rb2210,SHFE,0_0_      783131,     1219109,空,平今,4929.000000000001,1,2022-04-11 22:27:48
458,rb2210,SHFE,0_0_      783708,     1219884,空,平今,4929.0,3,2022-04-11 22:27:52
459,rb2210,SHFE,0_0_      783895,     1220348,多,开,4930.0,2,2022-04-11 22:27:55
460,rb2210,SHFE,0_0_      783834,     1223618,多,开,4929.0,1,2022-04-11 22:28:10
461,rb2210,SHFE,0_0_      785458,     1224137,多,平今,4929.0,4,2022-04-11 22:28:14
462,rb2210,SHFE,0_0_      783201,     1224301,多,开,4928.0,2,2022-04-11 22:28:15
463,rb2210,SHFE,0_0_      786213,     1224354,空,平今,4929.0,2,2022-04-11 22:28:16
464,rb2210,SHFE,0_0_      786010,     1226520,空,平今,4930.0,4,2022-04-11 22:28:31
465,rb2210,SHFE,0_0_      788144,     1226636,多,开,4929.0,3,2022-04-11 22:28:31
466,rb2210,SHFE,0_0_      788144,     1226639,多,开,4929.0,1,2022-04-11 22:28:31
467,rb2210,SHFE,0_0_      788686,     1227031,空,开,4929.0,2,2022-04-11 22:28:33
468,rb2210,SHFE,0_0_      788219,     1231405,空,平今,4930.0,5,2022-04-11 22:29:07
469,rb2210,SHFE,0_0_      792547,     1231574,多,平今,4930.0,2,2022-04-11 22:29:08
470,rb2210,SHFE,0_0_      792547,     1231575,多,平今,4930.0,1,2022-04-11 22:29:08
471,rb2210,SHFE,0_0_      792547,     1231576,多,平今,4930.0,1,2022-04-11 22:29:08
472,rb2210,SHFE,0_0_      792547,     1231577,多,平今,4930.0,1,2022-04-11 22:29:08
473,rb2210,SHFE,0_0_      792418,     1232499,多,开,4929.0,6,2022-04-11 22:29:13
474,rb2210,SHFE,0_0_      793163,     1232582,空,开,4930.0,4,2022-04-11 22:29:13
475,rb2210,SHFE,0_0_      793163,     1232588,空,开,4930.0,2,2022-04-11 22:29:13
476,rb2210,SHFE,0_0_      793163,     1232650,空,开,4930.0,1,2022-04-11 22:29:14
477,rb2210,SHFE,0_0_      793397,     1232880,空,平今,4930.0,4,2022-04-11 22:29:16
478,rb2210,SHFE,0_0_      793682,     1232936,多,平今,4929.0,3,2022-04-11 22:29:16
479,rb2210,SHFE,0_0_      793682,     1233012,多,平今,4929.0,1,2022-04-11 22:29:17
480,rb2210,SHFE,0_0_      793682,     1233042,多,平今,4929.0,1,2022-04-11 22:29:17
481,rb2210,SHFE,0_0_      797216,     1236517,空,开,4927.0,2,2022-04-11 22:29:48
482,rb2210,SHFE,0_0_      797388,     1236599,空,开,4927.0,4,2022-04-11 22:29:48
483,rb2210,SHFE,0_0_      797958,     1237431,多,平今,4928.0,1,2022-04-11 22:29:55
484,rb2210,SHFE,0_0_      797958,     1237433,多,平今,4928.0,1,2022-04-11 22:29:55
485,rb2210,SHFE,0_0_      797958,     1237437,多,平今,4928.0,1,2022-04-11 22:29:55
486,rb2210,SHFE,0_0_      797958,     1237454,多,平今,4928.0,1,2022-04-11 22:29:56
487,rb2210,SHFE,0_0_      798639,     1237725,多,开,4928.0,1,2022-04-11 22:29:58
488,rb2210,SHFE,0_0_      798998,     1238533,多,开,4928.0,4,2022-04-11 22:30:02
489,rb2210,SHFE,0_0_      797756,     1238671,多,平今,4927.0,4,2022-04-11 22:30:03
490,rb2210,SHFE,0_0_      800921,     1241101,空,平今,4925.0,4,2022-04-11 22:30:15
491,rb2210,SHFE,0_0_      801621,     1242046,空,开,4925.0,8,2022-04-11 22:30:18
492,rb2210,SHFE,0_0_      805137,     1245817,多,平今,4924.0,1,2022-04-11 22:30:40
493,rb2210,SHFE,0_0_      809605,     1250550,多,平今,4924.0,1,2022-04-11 22:31:13
494,rb2210,SHFE,0_0_      815402,     1257465,多,平今,4923.0,2,2022-04-11 22:31:47
495,rb2210,SHFE,0_0_      809837,     1264445,空,平今,4925.0,1,2022-04-11 22:33:00
496,rb2210,SHFE,0_0_      823465,     1264536,空,开,4925.0,3,2022-04-11 22:33:00
497,rb2210,SHFE,0_0_      825310,     1275295,空,开,4923.0,1,2022-04-11 22:34:36
498,rb2210,SHFE,0_0_      838097,     1280260,多,平今,4924.0,2,2022-04-11 22:35:21
499,rb2210,SHFE,0_0_      835802,     1286558,多,平今,4922.0,1,2022-04-11 22:36:13
500,rb2210,SHFE,0_0_      848228,     1287170,空,开,4923.0,3,2022-04-11 22:36:19
501,rb2210,SHFE,0_0_      851805,     1292280,多,平今,4917.0,4,2022-04-11 22:36:54
502,rb2210,SHFE,0_0_      851848,     1292308,空,开,4918.0,3,2022-04-11 22:36:55
503,rb2210,SHFE,0_0_      851848,     1292310,空,开,4918.0,1,2022-04-11 22:36:55
504,rb2210,SHFE,0_0_      851993,     1292513,多,平今,4918.0,2,2022-04-11 22:36:56
505,rb2210,SHFE,0_0_      863990,     1306907,多,开,4924.0,1,2022-04-11 22:38:37
506,rb2210,SHFE,0_0_      863990,     1306927,多,开,4924.0,1,2022-04-11 22:38:37
507,rb2210,SHFE,0_0_      863990,     1306928,多,开,4924.0,1,2022-04-11 22:38:37
508,rb2210,SHFE,0_0_      863990,     1306993,多,开,4924.0,1,2022-04-11 22:38:38
509,rb2210,SHFE,0_0_      864496,     1307254,多,平今,4924.0,1,2022-04-11 22:38:41
510,rb2210,SHFE,0_0_      866845,     1309224,空,平今,4923.0,3,2022-04-11 22:39:00
511,rb2210,SHFE,0_0_      866845,     1309225,空,平今,4923.0,1,2022-04-11 22:39:00
512,rb2210,SHFE,0_0_      873893,     1316757,空,开,4928.0,3,2022-04-11 22:39:58
513,rb2210,SHFE,0_0_      885293,     1328738,多,平今,4929.0,1,2022-04-11 22:41:52
514,rb2210,SHFE,0_0_      883172,     1332471,多,平今,4927.0,2,2022-04-11 22:42:21
515,rb2210,SHFE,0_0_      895922,     1340295,空,平今,4926.0,1,2022-04-11 22:43:37
516,rb2210,SHFE,0_0_      895922,     1340305,空,平今,4926.0,1,2022-04-11 22:43:37
517,rb2210,SHFE,0_0_      903607,     1347477,空,开,4926.0,3,2022-04-11 22:44:55
518,rb2210,SHFE,0_0_      906401,     1347616,多,平今,4926.0,4,2022-04-11 22:44:56
519,rb2210,SHFE,0_0_      910749,     1353768,空,开,4926.0,1,2022-04-11 22:45:46
520,rb2210,SHFE,0_0_      910749,     1353770,空,开,4926.0,1,2022-04-11 22:45:46
521,rb2210,SHFE,0_0_      910749,     1353771,空,开,4926.0,1,2022-04-11 22:45:46
522,rb2210,SHFE,0_0_      912035,     1356898,多,平今,4925.0,3,2022-04-11 22:46:21
523,rb2210,SHFE,0_0_      912035,     1356907,多,平今,4925.0,1,2022-04-11 22:46:21
524,rb2210,SHFE,0_0_      914639,     1359233,空,开,4926.0,4,2022-04-11 22:46:47
525,rb2210,SHFE,0_0_      919411,     1361360,多,开,4928.0,4,2022-04-11 22:46:56
526,rb2210,SHFE,0_0_      921827,     1364601,空,平今,4931.0,4,2022-04-11 22:47:16
527,rb2210,SHFE,0_0_      923053,     1368513,多,开,4930.0,2,2022-04-11 22:47:41
528,rb2210,SHFE,0_0_      925628,     1370216,空,平今,4931.0,2,2022-04-11 22:47:55
529,rb2210,SHFE,0_0_      927243,     1370786,多,开,4930.000000000001,1,2022-04-11 22:47:58
530,rb2210,SHFE,0_0_      927243,     1370789,多,开,4930.000000000001,1,2022-04-11 22:47:58
531,rb2210,SHFE,0_0_      929578,     1376012,多,平今,4936.0,1,2022-04-11 22:48:09
532,rb2210,SHFE,0_0_      929578,     1376013,多,平今,4936.0,1,2022-04-11 22:48:09
533,rb2210,SHFE,0_0_      929607,     1381726,多,平今,4936.0,4,2022-04-11 22:48:23
534,rb2210,SHFE,0_0_      931810,     1381737,空,开,4937.0,4,2022-04-11 22:48:23
535,rb2210,SHFE,0_0_      933444,     1385359,多,开,4942.0,4,2022-04-11 22:48:31
536,rb2210,SHFE,0_0_      933766,     1386341,空,平今,4941.0,1,2022-04-11 22:48:33
537,rb2210,SHFE,0_0_      933961,     1386374,多,开,4940.0,2,2022-04-11 22:48:34
538,rb2210,SHFE,0_0_      933976,     1386557,空,平今,4941.0,2,2022-04-11 22:48:34
539,rb2210,SHFE,0_0_      934173,     1386685,多,开,4940.0,2,2022-04-11 22:48:35
540,rb2210,SHFE,0_0_      934268,     1386831,空,平今,4941.0,2,2022-04-11 22:48:35
541,rb2210,SHFE,0_0_      934314,     1386872,多,开,4940.0,2,2022-04-11 22:48:35
542,rb2210,SHFE,0_0_      934319,     1386889,空,平今,4941.0,2,2022-04-11 22:48:35
543,rb2210,SHFE,0_0_      934349,     1386916,多,开,4940.0,2,2022-04-11 22:48:35
544,rb2210,SHFE,0_0_      934356,     1386918,空,平今,4941.0,1,2022-04-11 22:48:35
545,rb2210,SHFE,0_0_      934356,     1386919,空,平今,4941.0,1,2022-04-11 22:48:35
546,rb2210,SHFE,0_0_      934357,     1386960,多,开,4940.0,2,2022-04-11 22:48:36
547,rb2210,SHFE,0_0_      934378,     1387152,空,平今,4941.0,1,2022-04-11 22:48:36
548,rb2210,SHFE,0_0_      934378,     1387154,空,平今,4941.0,1,2022-04-11 22:48:36
549,rb2210,SHFE,0_0_      934522,     1387205,多,开,4940.0,2,2022-04-11 22:48:37
550,rb2210,SHFE,0_0_      934564,     1387369,空,平今,4941.0,2,2022-04-11 22:48:37
551,rb2210,SHFE,0_0_      934658,     1387397,多,开,4940.0,2,2022-04-11 22:48:37
552,rb2210,SHFE,0_0_      934661,     1387507,空,平今,4941.0,2,2022-04-11 22:48:38
553,rb2210,SHFE,0_0_      934721,     1387548,多,开,4940.0,2,2022-04-11 22:48:38
554,rb2210,SHFE,0_0_      934726,     1387564,空,平今,4941.0,2,2022-04-11 22:48:38
555,rb2210,SHFE,0_0_      934727,     1387572,多,开,4940.0,2,2022-04-11 22:48:38
556,rb2210,SHFE,0_0_      934733,     1387616,空,平今,4941.0,1,2022-04-11 22:48:39
557,rb2210,SHFE,0_0_      934733,     1387631,空,平今,4941.0,1,2022-04-11 22:48:39
558,rb2210,SHFE,0_0_      934766,     1387726,多,开,4940.0,2,2022-04-11 22:48:39
559,rb2210,SHFE,0_0_      935302,     1388482,空,平今,4940.000000000001,2,2022-04-11 22:48:43
560,rb2210,SHFE,0_0_      937227,     1390500,空,平今,4940.0,2,2022-04-11 22:48:55
561,rb2210,SHFE,0_0_      937908,     1391347,多,平今,4940.0,1,2022-04-11 22:49:00
562,rb2210,SHFE,0_0_      938022,     1392466,多,开,4940.0,3,2022-04-11 22:49:05
563,rb2210,SHFE,0_0_      938709,     1392595,多,开,4941.0,1,2022-04-11 22:49:05
564,rb2210,SHFE,0_0_      938764,     1392848,空,平今,4941.0,1,2022-04-11 22:49:06
565,rb2210,SHFE,0_0_      938764,     1392909,空,平今,4941.0,3,2022-04-11 22:49:06
566,rb2210,SHFE,0_0_      939376,     1394488,多,开,4942.0,4,2022-04-11 22:49:14
567,rb2210,SHFE,0_0_      946129,     1419192,多,平今,4937.0,2,2022-04-11 22:51:11
568,rb2210,SHFE,0_0_      965048,     1426678,多,平今,4937.000000000001,1,2022-04-11 22:52:00
569,rb2210,SHFE,0_0_      965052,     1426828,空,平今,4938.0,1,2022-04-11 22:52:00
570,rb2210,SHFE,0_0_      965124,     1431102,多,平今,4937.0,1,2022-04-11 22:52:24
571,rb2210,SHFE,0_0_      969154,     1431210,多,开,4937.0,1,2022-04-11 22:52:25
572,rb2210,SHFE,0_0_      969186,     1431538,空,平今,4938.0,1,2022-04-11 22:52:28
573,rb2210,SHFE,0_0_      969714,     1431788,多,开,4937.0,1,2022-04-11 22:52:31
574,rb2210,SHFE,0_0_      970043,     1433293,空,平今,4938.0,1,2022-04-11 22:52:43
575,rb2210,SHFE,0_0_      973202,     1435324,空,开,4937.0,2,2022-04-11 22:52:58
576,rb2210,SHFE,0_0_      973202,     1435325,空,开,4937.0,1,2022-04-11 22:52:58
577,rb2210,SHFE,0_0_      973202,     1435336,空,开,4937.0,1,2022-04-11 22:52:59
578,rb2210,SHFE,0_0_      974711,     1435400,多,平今,4937.000000000001,1,2022-04-11 22:52:59
579,rb2210,SHFE,0_0_      978633,     1438697,多,平今,4937.0,1,2022-04-11 22:53:20
580,rb2210,SHFE,0_0_      982778,     1442236,多,平今,4938.0,2,2022-04-11 22:53:49
581,rb2210,SHFE,0_0_      983255,     1442240,空,开,4939.0,1,2022-04-11 22:53:49
582,rb2210,SHFE,0_0_      983255,     1442246,空,开,4939.0,1,2022-04-11 22:53:49
583,rb2210,SHFE,0_0_      983263,     1444019,多,平今,4938.0,1,2022-04-11 22:54:05
584,rb2210,SHFE,0_0_      986134,     1444314,空,开,4939.0,1,2022-04-11 22:54:07
585,rb2210,SHFE,0_0_      986558,     1444384,多,平今,4938.0,1,2022-04-11 22:54:07
586,rb2210,SHFE,0_0_      987006,     1444604,多,平今,4938.0,1,2022-04-11 22:54:10
587,rb2210,SHFE,0_0_     1012270,     1471317,空,平今,4928.000000000001,1,2022-04-11 22:57:28
588,rb2210,SHFE,0_0_     1012270,     1471383,空,平今,4928.000000000001,1,2022-04-11 22:57:29
589,rb2210,SHFE,0_0_     1020542,     1482653,空,平今,4928.0,2,2022-04-11 22:58:35
590,rb2210,SHFE,0_0_     1022097,     1485254,多,开,4928.0,1,2022-04-11 22:58:57
591,rb2210,SHFE,0_0_     1346517,     1756910,空,开,4937.000000000001,8,2022-04-12 09:00:46
592,rb2210,SHFE,0_0_     1346559,     1757660,多,平今,4937.0,4,2022-04-12 09:00:48
593,rb2210,SHFE,0_0_     1346585,     1757811,空,平今,4938.0,3,2022-04-12 09:00:48
594,rb2210,SHFE,0_0_     1346594,     1758230,多,平今,4937.0,3,2022-04-12 09:00:50
595,rb2210,SHFE,0_0_     1346648,     1758334,空,开,4938.0,3,2022-04-12 09:00:50
596,rb2210,SHFE,0_0_     1346656,     1758431,多,平今,4937.0,3,2022-04-12 09:00:50
597,rb2210,SHFE,0_0_     1346668,     1758567,空,开,4938.0,3,2022-04-12 09:00:51
598,rb2210,SHFE,0_0_     1346702,     1759135,空,开,4938.0,1,2022-04-12 09:00:52
599,rb2210,SHFE,0_0_     1346766,     1759849,多,平今,4937.0,1,2022-04-12 09:00:55
600,rb2210,SHFE,0_0_     1346866,     1759913,空,开,4938.0,1,2022-04-12 09:00:56
601,rb2210,SHFE,0_0_     1347442,     1764895,多,平今,4937.0,1,2022-04-12 09:01:10
602,rb2210,SHFE,0_0_     1346896,     1765123,空,开,4938.0,3,2022-04-12 09:01:11
603,rb2210,SHFE,0_0_     1347546,     1766794,多,平今,4938.0,4,2022-04-12 09:01:16
604,rb2210,SHFE,0_0_     1347498,     1767493,多,平今,4937.0,3,2022-04-12 09:01:19
605,rb2210,SHFE,0_0_     1347920,     1767799,空,开,4937.0,1,2022-04-12 09:01:20
606,rb2210,SHFE,0_0_     1347993,     1770824,多,开,4937.0,2,2022-04-12 09:01:30
607,rb2210,SHFE,0_0_     1348332,     1771937,空,开,4938.0,4,2022-04-12 09:01:34
608,rb2210,SHFE,0_0_     1348501,     1772184,多,平今,4937.0,1,2022-04-12 09:01:35
609,rb2210,SHFE,0_0_     1348501,     1772218,多,平今,4937.0,1,2022-04-12 09:01:35
610,rb2210,SHFE,0_0_     1348501,     1772231,多,平今,4937.0,1,2022-04-12 09:01:35
611,rb2210,SHFE,0_0_     1348501,     1772237,多,平今,4937.0,1,2022-04-12 09:01:36
612,rb2210,SHFE,0_0_     1348557,     1773074,空,平今,4938.0,2,2022-04-12 09:01:39
613,rb2210,SHFE,0_0_     1348673,     1773542,多,开,4937.0,2,2022-04-12 09:01:41
614,rb2210,SHFE,0_0_     1348762,     1775256,空,平今,4938.000000000001,1,2022-04-12 09:01:48
615,rb2210,SHFE,0_0_     1348762,     1775257,空,平今,4938.000000000001,1,2022-04-12 09:01:48
616,rb2210,SHFE,0_0_     1349121,     1775273,多,开,4937.0,1,2022-04-12 09:01:48
617,rb2210,SHFE,0_0_     1349121,     1775278,多,开,4937.0,1,2022-04-12 09:01:48
618,rb2210,SHFE,0_0_     1349122,     1775970,空,平今,4938.0,2,2022-04-12 09:01:51
619,rb2210,SHFE,0_0_     1349292,     1776101,多,开,4937.0,2,2022-04-12 09:01:52
620,rb2210,SHFE,0_0_     1349330,     1776203,多,平今,4938.0,1,2022-04-12 09:01:52
621,rb2210,SHFE,0_0_     1349340,     1777572,空,平今,4939.0,1,2022-04-12 09:01:58
622,rb2210,SHFE,0_0_     1349525,     1777598,多,开,4938.0,1,2022-04-12 09:01:58
623,rb2210,SHFE,0_0_     1349540,     1778196,多,开,4938.0,1,2022-04-12 09:02:00
624,rb2210,SHFE,0_0_     1349540,     1778197,多,开,4938.0,3,2022-04-12 09:02:00
625,rb2210,SHFE,0_0_     1349592,     1778570,空,平今,4939.0,2,2022-04-12 09:02:01
626,rb2210,SHFE,0_0_     1349592,     1778576,空,平今,4939.0,2,2022-04-12 09:02:01
627,rb2210,SHFE,0_0_     1349706,     1778612,多,开,4938.0,2,2022-04-12 09:02:01
628,rb2210,SHFE,0_0_     1349706,     1778654,多,开,4938.0,1,2022-04-12 09:02:02
629,rb2210,SHFE,0_0_     1349706,     1778681,多,开,4938.0,1,2022-04-12 09:02:02
630,rb2210,SHFE,0_0_     1350144,     1781289,空,平今,4939.0,4,2022-04-12 09:02:08
631,rb2210,SHFE,0_0_     1350191,     1781395,多,开,4938.0,1,2022-04-12 09:02:08
632,rb2210,SHFE,0_0_     1350277,     1781914,空,开,4938.0,1,2022-04-12 09:02:10
633,rb2210,SHFE,0_0_     1350277,     1781916,空,开,4938.0,1,2022-04-12 09:02:10
634,rb2210,SHFE,0_0_     1350315,     1782691,多,开,4937.0,4,2022-04-12 09:02:14
635,rb2210,SHFE,0_0_     1350471,     1782697,空,平今,4938.0,1,2022-04-12 09:02:14
636,rb2210,SHFE,0_0_     1350471,     1782702,空,平今,4938.0,3,2022-04-12 09:02:14
637,rb2210,SHFE,0_0_     1350472,     1782808,多,开,4937.0,4,2022-04-12 09:02:14
638,rb2210,SHFE,0_0_     1350488,     1782858,空,平今,4938.0,2,2022-04-12 09:02:15
639,rb2210,SHFE,0_0_     1350488,     1782865,空,平今,4938.0,1,2022-04-12 09:02:15
640,rb2210,SHFE,0_0_     1350488,     1782869,空,平今,4938.0,1,2022-04-12 09:02:15
641,rb2210,SHFE,0_0_     1349984,     1783252,空,平今,4941.0,2,2022-04-12 09:02:16
642,rb2210,SHFE,0_0_     1350545,     1783261,多,平今,4940.0,1,2022-04-12 09:02:16
643,rb2210,SHFE,0_0_     1350545,     1783265,多,平今,4940.0,1,2022-04-12 09:02:16
644,rb2210,SHFE,0_0_     1350512,     1784890,多,开,4937.0,1,2022-04-12 09:02:23
645,rb2210,SHFE,0_0_     1350512,     1784909,多,开,4937.0,2,2022-04-12 09:02:24
646,rb2210,SHFE,0_0_     1350546,     1785059,空,开,4941.0,2,2022-04-12 09:02:24
647,rb2210,SHFE,0_0_     1350951,     1785092,多,平今,4940.0,1,2022-04-12 09:02:24
648,rb2210,SHFE,0_0_     1350951,     1785096,多,平今,4940.0,1,2022-04-12 09:02:24
649,rb2210,SHFE,0_0_     1351201,     1786324,空,平今,4941.0,4,2022-04-12 09:02:29
650,rb2210,SHFE,0_0_     1351220,     1786387,多,开,4940.0,1,2022-04-12 09:02:29
651,rb2210,SHFE,0_0_     1351220,     1786388,多,开,4940.0,3,2022-04-12 09:02:29
652,rb2210,SHFE,0_0_     1351227,     1786527,空,平今,4941.0,4,2022-04-12 09:02:30
653,rb2210,SHFE,0_0_     1351248,     1787634,多,开,4940.0,4,2022-04-12 09:02:34
654,rb2210,SHFE,0_0_     1351391,     1787828,空,平今,4941.0,1,2022-04-12 09:02:34
655,rb2210,SHFE,0_0_     1351391,     1787835,空,平今,4941.0,1,2022-04-12 09:02:34
656,rb2210,SHFE,0_0_     1351391,     1787845,空,平今,4941.0,1,2022-04-12 09:02:34
657,rb2210,SHFE,0_0_     1351391,     1787855,空,平今,4941.0,1,2022-04-12 09:02:34
658,rb2210,SHFE,0_0_     1351462,     1788378,多,开,4940.0,3,2022-04-12 09:02:35
659,rb2210,SHFE,0_0_     1351504,     1788466,空,平今,4941.0,3,2022-04-12 09:02:35
660,rb2210,SHFE,0_0_     1351555,     1788490,多,开,4940.0,1,2022-04-12 09:02:35
661,rb2210,SHFE,0_0_     1351555,     1788512,多,开,4940.0,2,2022-04-12 09:02:36
662,rb2210,SHFE,0_0_     1351569,     1788902,空,平今,4942.0,2,2022-04-12 09:02:37
663,rb2210,SHFE,0_0_     1351730,     1789388,空,平今,4942.0,1,2022-04-12 09:02:39
664,rb2210,SHFE,0_0_     1351869,     1789423,多,开,4941.0,4,2022-04-12 09:02:39
665,rb2210,SHFE,0_0_     1351871,     1789433,空,平今,4942.0,4,2022-04-12 09:02:39
666,rb2210,SHFE,0_0_     1351872,     1789463,多,开,4941.0,1,2022-04-12 09:02:39
667,rb2210,SHFE,0_0_     1351872,     1789505,多,开,4941.0,3,2022-04-12 09:02:39
668,rb2210,SHFE,0_0_     1351889,     1789545,空,平今,4942.0,1,2022-04-12 09:02:40
669,rb2210,SHFE,0_0_     1351889,     1789574,空,平今,4942.0,1,2022-04-12 09:02:40
670,rb2210,SHFE,0_0_     1351889,     1789579,空,平今,4942.0,2,2022-04-12 09:02:40
671,rb2210,SHFE,0_0_     1351929,     1790075,多,开,4941.0,7,2022-04-12 09:02:41
672,rb2210,SHFE,0_0_     1352232,     1791991,空,平今,4944.0,3,2022-04-12 09:02:47
673,rb2210,SHFE,0_0_     1352232,     1791992,空,平今,4944.0,1,2022-04-12 09:02:47
674,rb2210,SHFE,0_0_     1352362,     1792156,空,开,4944.0,6,2022-04-12 09:02:48
675,rb2210,SHFE,0_0_     1352407,     1792755,多,平今,4944.0,4,2022-04-12 09:02:49
676,rb2210,SHFE,0_0_     1352609,     1793570,空,平今,4945.0,2,2022-04-12 09:02:52
677,rb2210,SHFE,0_0_     1352655,     1793619,空,平今,4945.0,1,2022-04-12 09:02:53
678,rb2210,SHFE,0_0_     1352687,     1793813,多,开,4945.0,4,2022-04-12 09:02:53
679,rb2210,SHFE,0_0_     1352732,     1794657,空,平今,4946.0,4,2022-04-12 09:02:56
680,rb2210,SHFE,0_0_     1353693,     1797576,空,开,4947.0,2,2022-04-12 09:03:05
681,rb2210,SHFE,0_0_     1353693,     1797611,空,开,4947.0,1,2022-04-12 09:03:05
682,rb2210,SHFE,0_0_     1353693,     1797615,空,开,4947.0,1,2022-04-12 09:03:05
683,rb2210,SHFE,0_0_     1353693,     1797618,空,开,4947.0,2,2022-04-12 09:03:05
684,rb2210,SHFE,0_0_     1353994,     1799049,多,平今,4947.0,4,2022-04-12 09:03:10
685,rb2210,SHFE,0_0_     1357483,     1814835,空,开,4950.0,3,2022-04-12 09:03:59
686,rb2210,SHFE,0_0_     1359011,     1815430,多,平今,4949.0,1,2022-04-12 09:04:01
687,rb2210,SHFE,0_0_     1359056,     1815616,多,平今,4949.0,2,2022-04-12 09:04:01
688,rb2210,SHFE,0_0_     1359214,     1815748,空,开,4949.0,2,2022-04-12 09:04:02
689,rb2210,SHFE,0_0_     1359424,     1816664,空,开,4949.0,2,2022-04-12 09:04:05
690,rb2210,SHFE,0_0_     1354128,     1817411,多,开,4947.0,2,2022-04-12 09:04:07
691,rb2210,SHFE,0_0_     1354128,     1817415,多,开,4947.0,1,2022-04-12 09:04:07
692,rb2210,SHFE,0_0_     1354128,     1817417,多,开,4947.0,1,2022-04-12 09:04:07
693,rb2210,SHFE,0_0_     1359832,     1819218,空,平今,4948.0,4,2022-04-12 09:04:12
694,rb2210,SHFE,0_0_     1360669,     1819867,多,平今,4947.0,5,2022-04-12 09:04:15
695,rb2210,SHFE,0_0_     1360669,     1819875,多,平今,4947.0,1,2022-04-12 09:04:15
696,rb2210,SHFE,0_0_     1360669,     1819890,多,平今,4947.0,2,2022-04-12 09:04:15
697,rb2210,SHFE,0_0_     1352960,     1830260,多,开,4945.0,1,2022-04-12 09:04:56
698,rb2210,SHFE,0_0_     1352960,     1830286,多,开,4945.0,1,2022-04-12 09:04:56
699,rb2210,SHFE,0_0_     1352960,     1830323,多,开,4945.0,2,2022-04-12 09:04:56
700,rb2210,SHFE,0_0_     1365467,     1831717,多,开,4947.0,1,2022-04-12 09:05:01
701,rb2210,SHFE,0_0_     1363553,     1832026,空,开,4949.0,2,2022-04-12 09:05:01
702,rb2210,SHFE,0_0_     1365735,     1837533,空,平今,4950.0,1,2022-04-12 09:05:17
703,rb2210,SHFE,0_0_     1368827,     1838187,多,开,4950.0,1,2022-04-12 09:05:18
704,rb2210,SHFE,0_0_     1369371,     1839511,多,开,4950.0,3,2022-04-12 09:05:24
705,rb2210,SHFE,0_0_     1372114,     1845646,空,平今,4954.0,1,2022-04-12 09:05:51
706,rb2210,SHFE,0_0_     1372987,     1846982,空,平今,4954.0,1,2022-04-12 09:05:58
707,rb2210,SHFE,0_0_     1374622,     1849664,空,平今,4954.000000000001,1,2022-04-12 09:06:04
708,rb2210,SHFE,0_0_     1374956,     1850648,空,平今,4954.0,3,2022-04-12 09:06:08
709,rb2210,SHFE,0_0_     1375307,     1850724,多,开,4953.0,1,2022-04-12 09:06:09
710,rb2210,SHFE,0_0_     1375307,     1850741,多,开,4953.0,1,2022-04-12 09:06:09
711,rb2210,SHFE,0_0_     1375307,     1850743,多,开,4953.0,1,2022-04-12 09:06:09
712,rb2210,SHFE,0_0_     1375412,     1851048,空,平今,4954.0,4,2022-04-12 09:06:11
713,rb2210,SHFE,0_0_     1375869,     1851739,空,开,4954.0,4,2022-04-12 09:06:15
714,rb2210,SHFE,0_0_     1376710,     1852856,多,开,4955.0,7,2022-04-12 09:06:20
715,rb2210,SHFE,0_0_     1376461,     1856714,多,平今,4954.0,4,2022-04-12 09:06:37
716,rb2210,SHFE,0_0_     1378708,     1857093,空,平今,4955.0,4,2022-04-12 09:06:39
717,rb2210,SHFE,0_0_     1378994,     1857629,多,开,4954.0,1,2022-04-12 09:06:42
718,rb2210,SHFE,0_0_     1378994,     1857630,多,开,4954.0,1,2022-04-12 09:06:42
719,rb2210,SHFE,0_0_     1378994,     1857631,多,开,4954.0,1,2022-04-12 09:06:42
720,rb2210,SHFE,0_0_     1378994,     1857632,多,开,4954.0,1,2022-04-12 09:06:42
721,rb2210,SHFE,0_0_     1379402,     1857785,空,平今,4955.0,4,2022-04-12 09:06:43
722,rb2210,SHFE,0_0_     1379892,     1858507,多,开,4955.0,4,2022-04-12 09:06:49
723,rb2210,SHFE,0_0_     1380398,     1859144,空,平今,4956.0,1,2022-04-12 09:06:53
724,rb2210,SHFE,0_0_     1380508,     1859313,空,平今,4956.0,3,2022-04-12 09:06:54
725,rb2210,SHFE,0_0_     1380885,     1859942,多,开,4955.0,3,2022-04-12 09:06:57
726,rb2210,SHFE,0_0_     1381176,     1859965,空,平今,4956.0,3,2022-04-12 09:06:57
727,rb2210,SHFE,0_0_     1381177,     1861260,多,开,4955.0,3,2022-04-12 09:07:04
728,rb2210,SHFE,0_0_     1382409,     1862126,空,平今,4956.0,2,2022-04-12 09:07:10
729,rb2210,SHFE,0_0_     1383465,     1862991,多,开,4956.0,1,2022-04-12 09:07:14
730,rb2210,SHFE,0_0_     1384664,     1865404,空,平今,4957.0,3,2022-04-12 09:07:26
731,rb2210,SHFE,0_0_     1386195,     1866986,多,开,4958.0,1,2022-04-12 09:07:31
732,rb2210,SHFE,0_0_     1387472,     1869122,多,平今,4960.0,1,2022-04-12 09:07:38
733,rb2210,SHFE,0_0_     1389648,     1873870,空,平今,4961.0,1,2022-04-12 09:07:55
734,rb2210,SHFE,0_0_     1389829,     1874040,空,平今,4961.0,3,2022-04-12 09:07:56
735,rb2210,SHFE,0_0_     1389839,     1874559,多,开,4960.0,3,2022-04-12 09:07:58
736,rb2210,SHFE,0_0_     1390290,     1874636,空,平今,4961.0,3,2022-04-12 09:07:59
737,rb2210,SHFE,0_0_     1390362,     1874875,多,开,4960.0,2,2022-04-12 09:07:59
738,rb2210,SHFE,0_0_     1390372,     1874919,空,平今,4961.0,2,2022-04-12 09:07:59
739,rb2210,SHFE,0_0_     1390394,     1874929,多,开,4960.0,2,2022-04-12 09:08:00
740,rb2210,SHFE,0_0_     1390425,     1875130,空,开,4961.0,3,2022-04-12 09:08:00
741,rb2210,SHFE,0_0_     1390471,     1876538,多,平今,4960.0,1,2022-04-12 09:08:07
742,rb2210,SHFE,0_0_     1390471,     1876539,多,平今,4960.0,2,2022-04-12 09:08:07
743,rb2210,SHFE,0_0_     1391382,     1876566,空,开,4961.0,3,2022-04-12 09:08:07
744,rb2210,SHFE,0_0_     1387392,     1878134,多,平今,4959.0,1,2022-04-12 09:08:16
745,rb2210,SHFE,0_0_     1392973,     1879266,空,开,4957.0,5,2022-04-12 09:08:22
746,rb2210,SHFE,0_0_     1385322,     1879671,多,开,4956.0,1,2022-04-12 09:08:24
747,rb2210,SHFE,0_0_     1385322,     1880456,多,开,4956.0,1,2022-04-12 09:08:28
748,rb2210,SHFE,0_0_     1385322,     1880495,多,开,4956.0,2,2022-04-12 09:08:29
749,rb2210,SHFE,0_0_     1394767,     1881612,多,平今,4956.0,1,2022-04-12 09:08:36
750,rb2210,SHFE,0_0_     1392322,     1885759,空,平今,4960.0,1,2022-04-12 09:09:01
751,rb2210,SHFE,0_0_     1398184,     1885807,多,平今,4959.0,1,2022-04-12 09:09:01
752,rb2210,SHFE,0_0_     1399848,     1887322,空,平今,4957.0,1,2022-04-12 09:09:11
753,rb2210,SHFE,0_0_     1401638,     1888678,多,平今,4957.0,4,2022-04-12 09:09:23
754,rb2210,SHFE,0_0_     1402186,     1888995,多,开,4957.0,2,2022-04-12 09:09:25
755,rb2210,SHFE,0_0_     1402186,     1888997,多,开,4957.0,1,2022-04-12 09:09:25
756,rb2210,SHFE,0_0_     1402186,     1889004,多,开,4957.0,1,2022-04-12 09:09:25
757,rb2210,SHFE,0_0_     1402556,     1889614,空,开,4957.0,4,2022-04-12 09:09:28
758,rb2210,SHFE,0_0_     1405987,     1893162,多,平今,4958.0,3,2022-04-12 09:09:53
759,rb2210,SHFE,0_0_     1405987,     1893163,多,平今,4958.0,1,2022-04-12 09:09:53
760,rb2210,SHFE,0_0_     1405987,     1893164,多,平今,4958.0,1,2022-04-12 09:09:53
761,rb2210,SHFE,0_0_     1405987,     1893165,多,平今,4958.0,1,2022-04-12 09:09:53
762,rb2210,SHFE,0_0_     1407506,     1897944,空,平今,4961.0,3,2022-04-12 09:10:15
763,rb2210,SHFE,0_0_     1409411,     1898974,空,平今,4961.0,2,2022-04-12 09:10:19
764,rb2210,SHFE,0_0_     1409775,     1902931,多,开,4960.0,4,2022-04-12 09:10:40
765,rb2210,SHFE,0_0_     1416379,     1908798,空,平今,4958.0,4,2022-04-12 09:11:05
766,rb2210,SHFE,0_0_     1416379,     1908818,空,平今,4958.0,1,2022-04-12 09:11:05
767,rb2210,SHFE,0_0_     1422759,     1919332,空,开,4957.0,2,2022-04-12 09:11:55
768,rb2210,SHFE,0_0_     1434615,     1944291,多,开,4953.0,4,2022-04-12 09:13:37
769,rb2210,SHFE,0_0_     1440881,     1944481,空,平今,4954.0,4,2022-04-12 09:13:38
770,rb2210,SHFE,0_0_     1445880,     1952753,多,开,4954.0,2,2022-04-12 09:14:13
771,rb2210,SHFE,0_0_     1447359,     1955972,多,平今,4954.0,1,2022-04-12 09:14:31
772,rb2210,SHFE,0_0_     1448351,     1956062,空,平今,4955.0,1,2022-04-12 09:14:31
773,rb2210,SHFE,0_0_     1448399,     1956156,空,平今,4955.0,1,2022-04-12 09:14:32
774,rb2210,SHFE,0_0_     1449041,     1959349,多,开,4954.0,1,2022-04-12 09:14:53
775,rb2210,SHFE,0_0_     1449041,     1959378,多,开,4954.0,1,2022-04-12 09:14:53
776,rb2210,SHFE,0_0_     1449041,     1959391,多,开,4954.0,1,2022-04-12 09:14:53
777,rb2210,SHFE,0_0_     1451459,     1959937,空,平今,4955.0,1,2022-04-12 09:14:58
778,rb2210,SHFE,0_0_     1420322,     1963543,空,平今,4959.0,2,2022-04-12 09:15:13
779,rb2210,SHFE,0_0_     1454694,     1963910,多,开,4958.0,3,2022-04-12 09:15:15
780,rb2210,SHFE,0_0_     1459855,     1969086,空,平今,4957.0,1,2022-04-12 09:15:46
781,rb2210,SHFE,0_0_     1459855,     1969216,空,平今,4957.0,1,2022-04-12 09:15:47
782,rb2210,SHFE,0_0_     1452222,     1973782,多,开,4954.0,2,2022-04-12 09:16:09
783,rb2210,SHFE,0_0_     1463446,     1974201,空,平今,4955.0,2,2022-04-12 09:16:10
784,rb2210,SHFE,0_0_     1441036,     1975283,多,平今,4953.000000000001,1,2022-04-12 09:16:14
785,rb2210,SHFE,0_0_     1464062,     1975828,空,开,4954.0,1,2022-04-12 09:16:18
786,rb2210,SHFE,0_0_     1464062,     1975865,空,开,4954.0,1,2022-04-12 09:16:18
787,rb2210,SHFE,0_0_     1465659,     1978711,空,开,4951.0,2,2022-04-12 09:16:31
788,rb2210,SHFE,0_0_     1468515,     1982645,空,平今,4948.0,3,2022-04-12 09:16:52
789,rb2210,SHFE,0_0_     1468915,     1983609,多,平今,4947.0,4,2022-04-12 09:16:57
790,rb2210,SHFE,0_0_     1468983,     1983632,空,开,4948.0,4,2022-04-12 09:16:57
791,rb2210,SHFE,0_0_     1469000,     1983730,多,开,4947.0,2,2022-04-12 09:16:58
792,rb2210,SHFE,0_0_     1469000,     1983731,多,开,4947.0,3,2022-04-12 09:16:58
793,rb2210,SHFE,0_0_     1469080,     1983840,空,平今,4948.0,3,2022-04-12 09:16:58
794,rb2210,SHFE,0_0_     1469230,     1983965,多,开,4947.0,5,2022-04-12 09:16:59
795,rb2210,SHFE,0_0_     1476564,     1992447,空,平今,4949.0,1,2022-04-12 09:17:54
796,rb2210,SHFE,0_0_     1479189,     1995000,空,开,4947.0,2,2022-04-12 09:18:07
797,rb2210,SHFE,0_0_     1479189,     1995017,空,开,4947.0,1,2022-04-12 09:18:07
798,rb2210,SHFE,0_0_     1479189,     1995097,空,开,4947.0,1,2022-04-12 09:18:08
799,rb2210,SHFE,0_0_     1477878,     1996193,空,平今,4948.0,4,2022-04-12 09:18:15
800,rb2210,SHFE,0_0_     1480351,     1996244,多,平今,4947.0,1,2022-04-12 09:18:15
801,rb2210,SHFE,0_0_     1480351,     1996245,多,平今,4947.0,4,2022-04-12 09:18:15
802,rb2210,SHFE,0_0_     1488924,     2005625,空,开,4954.0,3,2022-04-12 09:19:34
803,rb2210,SHFE,0_0_     1488924,     2005626,空,开,4954.0,1,2022-04-12 09:19:34
804,rb2210,SHFE,0_0_     1498989,     2016447,多,平今,4955.0,2,2022-04-12 09:20:49
805,rb2210,SHFE,0_0_     1499173,     2016520,多,平今,4955.0,2,2022-04-12 09:20:50
806,rb2210,SHFE,0_0_     1499213,     2016616,空,平今,4955.0,1,2022-04-12 09:20:52
807,rb2210,SHFE,0_0_     1499688,     2017019,空,开,4955.0,3,2022-04-12 09:20:54
808,rb2210,SHFE,0_0_     1500052,     2017347,空,平今,4955.0,1,2022-04-12 09:20:57
809,rb2210,SHFE,0_0_     1502487,     2019429,多,平今,4955.0,1,2022-04-12 09:21:11
810,rb2210,SHFE,0_0_     1505709,     2023055,空,开,4953.0,3,2022-04-12 09:21:33
811,rb2210,SHFE,0_0_     1506945,     2025903,多,平今,4952.0,2,2022-04-12 09:21:44
812,rb2210,SHFE,0_0_     1509118,     2032984,多,平今,4951.0,1,2022-04-12 09:22:33
813,rb2210,SHFE,0_0_     1509118,     2033045,多,平今,4951.0,1,2022-04-12 09:22:34
814,rb2210,SHFE,0_0_     1513899,     2034605,空,开,4952.0,1,2022-04-12 09:22:46
815,rb2210,SHFE,0_0_     1517915,     2040989,多,开,4952.0,1,2022-04-12 09:23:33
816,rb2210,SHFE,0_0_     1517915,     2041016,多,开,4952.0,1,2022-04-12 09:23:34
817,rb2210,SHFE,0_0_     1517915,     2041052,多,开,4952.0,2,2022-04-12 09:23:34
818,rb2210,SHFE,0_0_     1518288,     2042421,多,平今,4952.0,2,2022-04-12 09:23:39
819,rb2210,SHFE,0_0_     1513980,     2042579,多,平今,4951.0,2,2022-04-12 09:23:40
820,rb2210,SHFE,0_0_     1480735,     2048828,多,开,4947.0,1,2022-04-12 09:24:09
821,rb2210,SHFE,0_0_     1480735,     2048829,多,开,4947.0,1,2022-04-12 09:24:09
822,rb2210,SHFE,0_0_     1480735,     2048830,多,开,4947.0,1,2022-04-12 09:24:09
823,rb2210,SHFE,0_0_     1480735,     2048831,多,开,4947.0,1,2022-04-12 09:24:09
824,rb2210,SHFE,0_0_     1522571,     2051117,空,开,4947.0,1,2022-04-12 09:24:17
825,rb2210,SHFE,0_0_     1522568,     2054738,空,平今,4948.0,1,2022-04-12 09:24:33
826,rb2210,SHFE,0_0_     1521953,     2056666,空,平今,4949.0,1,2022-04-12 09:24:43
827,rb2210,SHFE,0_0_     1521953,     2056670,空,平今,4949.0,1,2022-04-12 09:24:43
828,rb2210,SHFE,0_0_     1521953,     2056854,空,平今,4949.0,1,2022-04-12 09:24:45
829,rb2210,SHFE,0_0_     1521953,     2056905,空,平今,4949.0,1,2022-04-12 09:24:45
830,rb2210,SHFE,0_0_     1525678,     2057064,多,平今,4948.0,1,2022-04-12 09:24:47
831,rb2210,SHFE,0_0_     1525910,     2057247,多,开,4948.0,2,2022-04-12 09:24:48
832,rb2210,SHFE,0_0_     1535094,     2069874,空,平今,4946.0,1,2022-04-12 09:26:03
833,rb2210,SHFE,0_0_     1536885,     2071452,多,平今,4946.0,1,2022-04-12 09:26:11
834,rb2210,SHFE,0_0_     1540191,     2075853,空,开,4945.0,1,2022-04-12 09:26:38
835,rb2210,SHFE,0_0_     1541875,     2076338,多,平今,4944.0,1,2022-04-12 09:26:41
836,rb2210,SHFE,0_0_     1543723,     2078546,空,开,4944.0,1,2022-04-12 09:26:53
837,rb2210,SHFE,0_0_     1543723,     2078614,空,开,4944.0,1,2022-04-12 09:26:54
838,rb2210,SHFE,0_0_     1548054,     2083705,空,平今,4943.0,3,2022-04-12 09:27:23
839,rb2210,SHFE,0_0_     1548246,     2084721,多,开,4942.0,3,2022-04-12 09:27:28
840,rb2210,SHFE,0_0_     1549307,     2085897,多,平今,4943.0,2,2022-04-12 09:27:33
841,rb2210,SHFE,0_0_     1549644,     2088851,空,平今,4943.0,2,2022-04-12 09:27:48
842,rb2210,SHFE,0_0_     1551654,     2088961,多,开,4943.0,4,2022-04-12 09:27:49
843,rb2210,SHFE,0_0_     1551893,     2089331,多,开,4943.0,2,2022-04-12 09:27:50
844,rb2210,SHFE,0_0_     1552020,     2090029,空,平今,4944.0,5,2022-04-12 09:27:53
845,rb2210,SHFE,0_0_     1552389,     2091958,多,开,4943.0,4,2022-04-12 09:28:03
846,rb2210,SHFE,0_0_     1554234,     2092296,空,平今,4944.0,1,2022-04-12 09:28:04
847,rb2210,SHFE,0_0_     1554234,     2092307,空,平今,4944.0,4,2022-04-12 09:28:04
848,rb2210,SHFE,0_0_     1557594,     2098085,多,开,4944.0,1,2022-04-12 09:28:40
849,rb2210,SHFE,0_0_     1557594,     2098166,多,开,4944.0,1,2022-04-12 09:28:40
850,rb2210,SHFE,0_0_     1560112,     2099945,空,平今,4943.0,3,2022-04-12 09:28:56
851,rb2210,SHFE,0_0_     1558812,     2109648,空,开,4945.0,1,2022-04-12 09:29:52
852,rb2210,SHFE,0_0_     1538552,     2113135,空,平今,4947.0,1,2022-04-12 09:30:07
853,rb2210,SHFE,0_0_     1570265,     2113229,多,平今,4946.0,1,2022-04-12 09:30:08
854,rb2210,SHFE,0_0_     1582263,     2126619,空,开,4946.0,1,2022-04-12 09:31:56
855,rb2210,SHFE,0_0_     1582864,     2127567,空,开,4946.0,1,2022-04-12 09:32:07
856,rb2210,SHFE,0_0_     1584195,     2128329,多,平今,4945.0,2,2022-04-12 09:32:14
857,rb2210,SHFE,0_0_     1567258,     2131172,多,开,4943.0,1,2022-04-12 09:32:36
858,rb2210,SHFE,0_0_     1588594,     2135412,空,平今,4943.0,1,2022-04-12 09:33:02
859,rb2210,SHFE,0_0_     1594376,     2142651,多,开,4942.0,4,2022-04-12 09:33:55
860,rb2210,SHFE,0_0_     1594504,     2144969,空,平今,4943.0,3,2022-04-12 09:34:09
861,rb2210,SHFE,0_0_     1594504,     2145116,空,平今,4943.0,1,2022-04-12 09:34:10
862,rb2210,SHFE,0_0_     1596337,     2145557,多,开,4943.0,4,2022-04-12 09:34:13
863,rb2210,SHFE,0_0_     1597988,     2148559,空,平今,4943.0,1,2022-04-12 09:34:32
864,rb2210,SHFE,0_0_     1601223,     2151849,空,平今,4942.0,1,2022-04-12 09:34:59
865,rb2210,SHFE,0_0_     1601247,     2151867,空,平今,4942.0,1,2022-04-12 09:34:59
866,rb2210,SHFE,0_0_     1601247,     2151881,空,平今,4942.0,1,2022-04-12 09:34:59
867,rb2210,SHFE,0_0_     1602738,     2163386,多,开,4941.0,2,2022-04-12 09:36:19
868,rb2210,SHFE,0_0_     1611220,     2164825,空,平今,4942.0,1,2022-04-12 09:36:33
869,rb2210,SHFE,0_0_     1612310,     2165462,多,开,4941.0,1,2022-04-12 09:36:40
870,rb2210,SHFE,0_0_     1613428,     2166942,多,开,4941.0,3,2022-04-12 09:36:53
871,rb2210,SHFE,0_0_     1613954,     2167859,空,平今,4942.0,4,2022-04-12 09:37:01
872,rb2210,SHFE,0_0_     1620402,     2174023,空,平今,4943.0,1,2022-04-12 09:37:42
873,rb2210,SHFE,0_0_     1614841,     2174363,多,开,4941.0,6,2022-04-12 09:37:45
874,rb2210,SHFE,0_0_     1621045,     2174497,空,平今,4942.0,6,2022-04-12 09:37:46
875,rb2210,SHFE,0_0_     1621904,     2174956,空,开,4942.0,1,2022-04-12 09:37:54
876,rb2210,SHFE,0_0_     1621323,     2175541,多,开,4941.0,3,2022-04-12 09:38:01
877,rb2210,SHFE,0_0_     1621323,     2179934,多,开,4941.0,1,2022-04-12 09:38:37
878,rb2210,SHFE,0_0_     1621323,     2180069,多,开,4941.0,2,2022-04-12 09:38:37
879,rb2210,SHFE,0_0_     1628365,     2180282,空,平今,4942.0,1,2022-04-12 09:38:40
880,rb2210,SHFE,0_0_     1621782,     2180409,多,开,4941.0,1,2022-04-12 09:38:42
881,rb2210,SHFE,0_0_     1629304,     2182663,空,平今,4940.0,2,2022-04-12 09:38:53
882,rb2210,SHFE,0_0_     1628715,     2183859,空,平今,4942.0,2,2022-04-12 09:39:04
883,rb2210,SHFE,0_0_     1628859,     2184375,空,平今,4942.0,2,2022-04-12 09:39:10
884,rb2210,SHFE,0_0_     1632022,     2184466,多,开,4941.0,2,2022-04-12 09:39:11
885,rb2210,SHFE,0_0_     1633396,     2185290,多,平今,4939.0,1,2022-04-12 09:39:20
886,rb2210,SHFE,0_0_     1633622,     2185451,多,开,4939.0,1,2022-04-12 09:39:22
887,rb2210,SHFE,0_0_     1633945,     2185833,多,开,4939.0,3,2022-04-12 09:39:26
888,rb2210,SHFE,0_0_     1634910,     2187012,空,平今,4938.0,2,2022-04-12 09:39:35
889,rb2210,SHFE,0_0_     1635244,     2187357,空,开,4938.0,1,2022-04-12 09:39:38
890,rb2210,SHFE,0_0_     1635631,     2188498,多,开,4937.0,3,2022-04-12 09:39:45
891,rb2210,SHFE,0_0_     1636335,     2189070,空,平今,4938.0,3,2022-04-12 09:39:50
892,rb2210,SHFE,0_0_     1636784,     2189121,多,开,4937.0,3,2022-04-12 09:39:50
893,rb2210,SHFE,0_0_     1637142,     2189759,空,平今,4938.0,3,2022-04-12 09:39:56
894,rb2210,SHFE,0_0_     1637901,     2190402,多,开,4938.0,4,2022-04-12 09:39:59
895,rb2210,SHFE,0_0_     1634224,     2191056,空,平今,4940.0,1,2022-04-12 09:40:03
896,rb2210,SHFE,0_0_     1634224,     2191065,空,平今,4940.0,1,2022-04-12 09:40:03
897,rb2210,SHFE,0_0_     1639327,     2191972,多,平今,4940.0,1,2022-04-12 09:40:09
898,rb2210,SHFE,0_0_     1643680,     2196540,空,平今,4937.0,1,2022-04-12 09:40:51
899,rb2210,SHFE,0_0_     1643693,     2196858,空,开,4937.0,1,2022-04-12 09:40:52
900,rb2210,SHFE,0_0_     1644603,     2197765,空,开,4935.0,3,2022-04-12 09:40:55
901,rb2210,SHFE,0_0_     1644350,     2198778,空,开,4936.0,1,2022-04-12 09:41:00
902,rb2210,SHFE,0_0_     1644350,     2198779,空,开,4936.0,1,2022-04-12 09:41:00
903,rb2210,SHFE,0_0_     1645638,     2200458,多,平今,4936.0,3,2022-04-12 09:41:13
904,rb2210,SHFE,0_0_     1647142,     2201307,空,开,4937.0,2,2022-04-12 09:41:20
905,rb2210,SHFE,0_0_     1645371,     2210098,多,平今,4935.0,2,2022-04-12 09:42:28
906,rb2210,SHFE,0_0_     1657328,     2211540,多,平今,4935.0,1,2022-04-12 09:42:43
907,rb2210,SHFE,0_0_     1655943,     2213128,空,开,4937.0,4,2022-04-12 09:43:02
908,rb2210,SHFE,0_0_     1659383,     2213431,多,平今,4937.0,5,2022-04-12 09:43:04
909,rb2210,SHFE,0_0_     1660906,     2215059,空,开,4936.0,1,2022-04-12 09:43:16
910,rb2210,SHFE,0_0_     1661590,     2215473,空,开,4936.0,1,2022-04-12 09:43:23
911,rb2210,SHFE,0_0_     1660316,     2216478,空,开,4937.0,2,2022-04-12 09:43:35
912,rb2210,SHFE,0_0_     1660546,     2216485,空,开,4937.0,1,2022-04-12 09:43:35
913,rb2210,SHFE,0_0_     1660546,     2216535,空,开,4937.0,1,2022-04-12 09:43:36
914,rb2210,SHFE,0_0_     1663298,     2217524,多,平今,4936.0,2,2022-04-12 09:43:47
915,rb2210,SHFE,0_0_     1664213,     2218171,多,平今,4936.0,1,2022-04-12 09:43:58
916,rb2210,SHFE,0_0_     1664924,     2218913,多,平今,4936.0,1,2022-04-12 09:44:05
917,rb2210,SHFE,0_0_     1665627,     2219069,空,开,4937.0,2,2022-04-12 09:44:07
918,rb2210,SHFE,0_0_     1665755,     2220345,多,平今,4936.0,4,2022-04-12 09:44:17
919,rb2210,SHFE,0_0_     1667318,     2220712,空,开,4937.0,1,2022-04-12 09:44:21
920,rb2210,SHFE,0_0_     1640986,     2221741,空,平今,4939.0,2,2022-04-12 09:44:35
921,rb2210,SHFE,0_0_     1669913,     2222884,多,开,4938.0,2,2022-04-12 09:44:47
922,rb2210,SHFE,0_0_     1672194,     2223665,多,开,4937.0,1,2022-04-12 09:44:57
923,rb2210,SHFE,0_0_     1672194,     2223746,多,开,4937.0,1,2022-04-12 09:44:58
924,rb2210,SHFE,0_0_     1672507,     2224079,空,开,4938.0,2,2022-04-12 09:45:01
925,rb2210,SHFE,0_0_     1672507,     2224080,空,开,4938.0,1,2022-04-12 09:45:01
926,rb2210,SHFE,0_0_     1672973,     2224900,空,开,4938.0,3,2022-04-12 09:45:07
927,rb2210,SHFE,0_0_     1671336,     2226191,空,平今,4939.0,1,2022-04-12 09:45:18
928,rb2210,SHFE,0_0_     1671336,     2226244,空,平今,4939.0,1,2022-04-12 09:45:18
929,rb2210,SHFE,0_0_     1675859,     2227790,多,平今,4938.0,2,2022-04-12 09:45:33
930,rb2210,SHFE,0_0_     1682382,     2236217,多,开,4941.0,2,2022-04-12 09:46:30
931,rb2210,SHFE,0_0_     1689505,     2243549,空,平今,4945.0,1,2022-04-12 09:47:16
932,rb2210,SHFE,0_0_     1689505,     2243556,空,平今,4945.0,1,2022-04-12 09:47:16
933,rb2210,SHFE,0_0_     1689505,     2243560,空,平今,4945.0,1,2022-04-12 09:47:16
934,rb2210,SHFE,0_0_     1695415,     2249870,多,平今,4945.0,1,2022-04-12 09:48:07
935,rb2210,SHFE,0_0_     1696213,     2250577,空,平今,4945.0,1,2022-04-12 09:48:13
936,rb2210,SHFE,0_0_     1704058,     2258613,空,平今,4950.0,1,2022-04-12 09:49:34
937,rb2210,SHFE,0_0_     1704935,     2259330,空,平今,4950.0,1,2022-04-12 09:49:41
938,rb2210,SHFE,0_0_     1701326,     2291094,多,开,4945.0,3,2022-04-12 09:53:31
939,rb2210,SHFE,0_0_     1701326,     2291095,多,开,4945.0,1,2022-04-12 09:53:31
940,rb2210,SHFE,0_0_     1736667,     2292435,空,平今,4945.0,1,2022-04-12 09:53:45
941,rb2210,SHFE,0_0_     1736667,     2292594,空,平今,4945.0,1,2022-04-12 09:53:46
942,rb2210,SHFE,0_0_     1748666,     2308287,多,平今,4943.0,1,2022-04-12 09:55:21
943,rb2210,SHFE,0_0_     1751274,     2314008,空,平今,4941.0,1,2022-04-12 09:55:58
944,rb2210,SHFE,0_0_     1753093,     2316311,多,平今,4940.0,1,2022-04-12 09:56:16
945,rb2210,SHFE,0_0_     1779582,     2344909,空,平今,4940.0,1,2022-04-12 10:00:09
946,rb2210,SHFE,0_0_     1779985,     2346251,多,平今,4939.0,1,2022-04-12 10:00:23
947,rb2210,SHFE,0_0_     1779985,     2346307,多,平今,4939.0,1,2022-04-12 10:00:23
948,rb2210,SHFE,0_0_     1787957,     2353092,多,开,4935.0,2,2022-04-12 10:01:22
949,rb2210,SHFE,0_0_     1787957,     2353181,多,开,4935.0,1,2022-04-12 10:01:23
950,rb2210,SHFE,0_0_     1788626,     2353741,多,开,4935.0,1,2022-04-12 10:01:27
951,rb2210,SHFE,0_0_     1788626,     2353749,多,开,4935.0,3,2022-04-12 10:01:27
952,rb2210,SHFE,0_0_     1788928,     2353963,空,平今,4936.0,4,2022-04-12 10:01:30
953,rb2210,SHFE,0_0_     1790472,     2355600,多,平今,4936.0,1,2022-04-12 10:01:45
954,rb2210,SHFE,0_0_     1791232,     2356572,空,平今,4937.0,1,2022-04-12 10:01:53
955,rb2210,SHFE,0_0_     1791907,     2357967,空,平今,4937.0,1,2022-04-12 10:02:02
956,rb2210,SHFE,0_0_     1810788,     2376827,空,开,4940.0,6,2022-04-12 10:04:36
957,rb2210,SHFE,0_0_     1810872,     2377086,多,平今,4939.0,2,2022-04-12 10:04:39
958,rb2210,SHFE,0_0_     1818188,     2386481,空,平今,4943.0,1,2022-04-12 10:05:54
959,rb2210,SHFE,0_0_     1818765,     2386965,空,开,4943.0,2,2022-04-12 10:05:59
960,rb2210,SHFE,0_0_     1820619,     2388683,多,开,4943.0,2,2022-04-12 10:06:13
961,rb2210,SHFE,0_0_     1820619,     2388707,多,开,4943.0,4,2022-04-12 10:06:14
962,rb2210,SHFE,0_0_     1826804,     2395941,空,平今,4945.0,4,2022-04-12 10:07:19
963,rb2210,SHFE,0_0_     1826908,     2398421,多,平今,4945.0,1,2022-04-12 10:07:42
964,rb2210,SHFE,0_0_     1826908,     2398424,多,平今,4945.0,1,2022-04-12 10:07:42
965,rb2210,SHFE,0_0_     1829062,     2398625,空,平今,4946.0,2,2022-04-12 10:07:45
966,rb2210,SHFE,0_0_     1830725,     2400199,多,开,4944.0,5,2022-04-12 10:08:05
967,rb2210,SHFE,0_0_     1831235,     2400861,空,平今,4943.0,1,2022-04-12 10:08:10
968,rb2210,SHFE,0_0_     1831374,     2401125,空,平今,4943.0,2,2022-04-12 10:08:15
969,rb2210,SHFE,0_0_     1831828,     2401378,空,平今,4940.0,1,2022-04-12 10:08:16
970,rb2210,SHFE,0_0_     1831828,     2401379,空,平今,4940.0,1,2022-04-12 10:08:16
971,rb2210,SHFE,0_0_     1831828,     2401380,空,平今,4940.0,1,2022-04-12 10:08:16
972,rb2210,SHFE,0_0_     1815278,     2403327,多,平今,4939.0,2,2022-04-12 10:08:36
973,rb2210,SHFE,0_0_     1836331,     2406317,空,开,4938.0,3,2022-04-12 10:09:05
974,rb2210,SHFE,0_0_     1836331,     2406320,空,开,4938.0,1,2022-04-12 10:09:05
975,rb2210,SHFE,0_0_     1836331,     2406341,空,开,4938.0,1,2022-04-12 10:09:06
976,rb2210,SHFE,0_0_     1836331,     2406343,空,开,4938.0,1,2022-04-12 10:09:06
977,rb2210,SHFE,0_0_     1837031,     2406594,多,平今,4937.0,4,2022-04-12 10:09:08
978,rb2210,SHFE,0_0_     1837454,     2406845,多,平今,4937.0,3,2022-04-12 10:09:09
979,rb2210,SHFE,0_0_     1837497,     2407199,多,开,4937.0,2,2022-04-12 10:09:14
980,rb2210,SHFE,0_0_     1863860,     2435857,空,开,4946.0,1,2022-04-12 10:12:59
981,rb2210,SHFE,0_0_     1863860,     2435883,空,开,4946.0,1,2022-04-12 10:13:00
982,rb2210,SHFE,0_0_     1863860,     2435888,空,开,4946.0,1,2022-04-12 10:13:00
983,rb2210,SHFE,0_0_     1863860,     2435940,空,开,4946.0,4,2022-04-12 10:13:00
984,rb2210,SHFE,0_0_     1876578,     2460259,空,平今,4954.0,1,2022-04-12 10:30:13
985,rb2210,SHFE,0_0_     1876618,     2461656,空,平今,4954.0,1,2022-04-12 10:30:19
986,rb2210,SHFE,0_0_     1876730,     2461969,多,平今,4953.0,1,2022-04-12 10:30:20
987,rb2210,SHFE,0_0_     1876770,     2462388,多,平今,4954.0,1,2022-04-12 10:30:22
988,rb2210,SHFE,0_0_     1876824,     2462963,多,平今,4952.0,3,2022-04-12 10:30:25
989,rb2210,SHFE,0_0_     1876844,     2463474,空,开,4952.0,1,2022-04-12 10:30:28
990,rb2210,SHFE,0_0_     1876844,     2463500,空,开,4952.0,2,2022-04-12 10:30:28
991,rb2210,SHFE,0_0_     1876954,     2463652,多,平今,4951.0,1,2022-04-12 10:30:29
992,rb2210,SHFE,0_0_     1876954,     2463662,多,平今,4951.0,1,2022-04-12 10:30:29
993,rb2210,SHFE,0_0_     1876954,     2463682,多,平今,4951.0,1,2022-04-12 10:30:29
994,rb2210,SHFE,0_0_     1876974,     2464251,空,开,4952.0,3,2022-04-12 10:30:32
995,rb2210,SHFE,0_0_     1877632,     2470310,多,开,4957.0,5,2022-04-12 10:30:56
996,rb2210,SHFE,0_0_     1877475,     2476701,多,开,4954.0,1,2022-04-12 10:31:17
997,rb2210,SHFE,0_0_     1877475,     2476841,多,开,4954.0,2,2022-04-12 10:31:18
998,rb2210,SHFE,0_0_     1877288,     2477031,多,平今,4953.0,3,2022-04-12 10:31:18
999,rb2210,SHFE,0_0_     1877288,     2477032,多,平今,4953.0,1,2022-04-12 10:31:18
1000,rb2210,SHFE,0_0_     1878360,     2477261,空,平今,4954.0,4,2022-04-12 10:31:19
1001,rb2210,SHFE,0_0_     1879602,     2483444,空,平今,4952.0,2,2022-04-12 10:31:47
1002,rb2210,SHFE,0_0_     1883347,     2493610,多,平今,4953.0,2,2022-04-12 10:32:46
1003,rb2210,SHFE,0_0_     1884758,     2497738,多,开,4957.000000000001,2,2022-04-12 10:33:04
1004,rb2210,SHFE,0_0_     1885312,     2499967,空,平今,4959.0,4,2022-04-12 10:33:14
1005,rb2210,SHFE,0_0_     1885883,     2500358,空,开,4959.0,1,2022-04-12 10:33:16
1006,rb2210,SHFE,0_0_     1886091,     2502732,空,开,4959.0,3,2022-04-12 10:33:28
1007,rb2210,SHFE,0_0_     1887228,     2504129,空,开,4959.000000000001,2,2022-04-12 10:33:36
1008,rb2210,SHFE,0_0_     1889659,     2506825,多,开,4960.0,7,2022-04-12 10:33:52
1009,rb2210,SHFE,0_0_     1890298,     2508205,多,平今,4961.0,1,2022-04-12 10:33:59
1010,rb2210,SHFE,0_0_     1889507,     2512477,多,平今,4959.0,4,2022-04-12 10:34:21
1011,rb2210,SHFE,0_0_     1892694,     2512482,空,平今,4960.0,2,2022-04-12 10:34:21
1012,rb2210,SHFE,0_0_     1892694,     2512500,空,平今,4960.0,1,2022-04-12 10:34:21
1013,rb2210,SHFE,0_0_     1892694,     2512524,空,平今,4960.0,1,2022-04-12 10:34:22
1014,rb2210,SHFE,0_0_     1892752,     2513077,多,开,4959.0,1,2022-04-12 10:34:27
1015,rb2210,SHFE,0_0_     1893058,     2513302,空,平今,4960.0,1,2022-04-12 10:34:28
1016,rb2210,SHFE,0_0_     1893073,     2513314,空,平今,4960.0,1,2022-04-12 10:34:28
1017,rb2210,SHFE,0_0_     1893306,     2514888,多,开,4960.0,4,2022-04-12 10:34:35
1018,rb2210,SHFE,0_0_     1893805,     2515924,空,平今,4961.0,2,2022-04-12 10:34:40
1019,rb2210,SHFE,0_0_     1894373,     2517120,多,开,4960.0,1,2022-04-12 10:34:46
1020,rb2210,SHFE,0_0_     1894785,     2518150,多,开,4960.0,1,2022-04-12 10:34:51
1021,rb2210,SHFE,0_0_     1895112,     2518817,空,平今,4961.0,3,2022-04-12 10:34:54
1022,rb2210,SHFE,0_0_     1895366,     2519577,多,开,4960.0,3,2022-04-12 10:34:57
1023,rb2210,SHFE,0_0_     1895655,     2519679,空,平今,4961.0,4,2022-04-12 10:34:57
1024,rb2210,SHFE,0_0_     1895792,     2519742,空,开,4961.0,4,2022-04-12 10:34:58
1025,rb2210,SHFE,0_0_     1896970,     2521536,多,开,4961.0,1,2022-04-12 10:35:05
1026,rb2210,SHFE,0_0_     1896970,     2521544,多,开,4961.0,2,2022-04-12 10:35:05
1027,rb2210,SHFE,0_0_     1896970,     2521545,多,开,4961.0,1,2022-04-12 10:35:05
1028,rb2210,SHFE,0_0_     1896167,     2523693,多,平今,4960.0,1,2022-04-12 10:35:14
1029,rb2210,SHFE,0_0_     1896167,     2523929,多,平今,4960.0,1,2022-04-12 10:35:15
1030,rb2210,SHFE,0_0_     1896167,     2524036,多,平今,4960.0,1,2022-04-12 10:35:15
1031,rb2210,SHFE,0_0_     1898568,     2524798,空,平今,4961.0,2,2022-04-12 10:35:19
1032,rb2210,SHFE,0_0_     1896758,     2525079,多,平今,4960.0,1,2022-04-12 10:35:21
1033,rb2210,SHFE,0_0_     1899064,     2525176,空,平今,4961.0,4,2022-04-12 10:35:21
1034,rb2210,SHFE,0_0_     1900995,     2528269,空,开,4962.0,2,2022-04-12 10:35:40
1035,rb2210,SHFE,0_0_     1901260,     2529086,多,平今,4962.0,2,2022-04-12 10:35:44
1036,rb2210,SHFE,0_0_     1893131,     2535480,多,开,4959.0,2,2022-04-12 10:36:16
1037,rb2210,SHFE,0_0_     1906145,     2542650,空,平今,4960.0,2,2022-04-12 10:37:00
1038,rb2210,SHFE,0_0_     1913018,     2542676,多,开,4959.0,2,2022-04-12 10:37:00
1039,rb2210,SHFE,0_0_     1914969,     2544825,空,平今,4957.0,1,2022-04-12 10:37:14
1040,rb2210,SHFE,0_0_     1915786,     2580216,多,平今,4955.0,1,2022-04-12 10:40:14
1041,rb2210,SHFE,0_0_     1936571,     2581567,空,平今,4956.000000000001,1,2022-04-12 10:40:22
1042,rb2210,SHFE,0_0_     1937794,     2585656,多,开,4955.0,1,2022-04-12 10:40:47
1043,rb2210,SHFE,0_0_     1940424,     2587079,空,平今,4956.0,1,2022-04-12 10:40:54
1044,rb2210,SHFE,0_0_     1941467,     2587462,多,开,4955.0,1,2022-04-12 10:40:55
1045,rb2210,SHFE,0_0_     1941990,     2587818,多,开,4955.0,1,2022-04-12 10:40:57
1046,rb2210,SHFE,0_0_     1941990,     2587819,多,开,4955.0,1,2022-04-12 10:40:57
1047,rb2210,SHFE,0_0_     1941990,     2587838,多,开,4955.0,1,2022-04-12 10:40:58
1048,rb2210,SHFE,0_0_     1942056,     2588113,空,平今,4956.0,1,2022-04-12 10:41:00
1049,rb2210,SHFE,0_0_     1950587,     2597777,多,开,4959.0,1,2022-04-12 10:41:58
1050,rb2210,SHFE,0_0_     1950845,     2598501,空,平今,4960.0,1,2022-04-12 10:42:03
1051,rb2210,SHFE,0_0_     1901700,     2602156,空,开,4963.0,2,2022-04-12 10:42:23
1052,rb2210,SHFE,0_0_     1901700,     2602164,空,开,4963.0,2,2022-04-12 10:42:23
1053,rb2210,SHFE,0_0_     1901700,     2602227,空,开,4963.0,2,2022-04-12 10:42:24
1054,rb2210,SHFE,0_0_     1901700,     2602229,空,开,4963.0,1,2022-04-12 10:42:24
1055,rb2210,SHFE,0_0_     1961639,     2611299,多,平今,4962.0,7,2022-04-12 10:43:32
1056,rb2210,SHFE,0_0_     1961692,     2611491,空,平今,4962.0,2,2022-04-12 10:43:34
1057,rb2210,SHFE,0_0_     1962813,     2612541,空,平今,4962.0,1,2022-04-12 10:43:45
1058,rb2210,SHFE,0_0_     1962863,     2612762,空,开,4962.0,4,2022-04-12 10:43:46
1059,rb2210,SHFE,0_0_     1963231,     2613314,多,平今,4962.0,1,2022-04-12 10:43:49
1060,rb2210,SHFE,0_0_     1967819,     2619727,多,平今,4961.0,1,2022-04-12 10:44:35
1061,rb2210,SHFE,0_0_     1968794,     2620524,空,开,4962.0,1,2022-04-12 10:44:42
1062,rb2210,SHFE,0_0_     1970720,     2623065,多,开,4966.0,4,2022-04-12 10:44:52
1063,rb2210,SHFE,0_0_     1971291,     2624946,空,平今,4967.0,3,2022-04-12 10:45:00
1064,rb2210,SHFE,0_0_     1971589,     2626380,多,开,4966.0,3,2022-04-12 10:45:03
1065,rb2210,SHFE,0_0_     1972894,     2628090,空,平今,4965.0,3,2022-04-12 10:45:07
1066,rb2210,SHFE,0_0_     1970253,     2628971,多,开,4963.0,4,2022-04-12 10:45:09
1067,rb2210,SHFE,0_0_     1975242,     2631572,空,开,4962.0,4,2022-04-12 10:45:18
1068,rb2210,SHFE,0_0_     1987625,     2645296,多,平今,4957.0,4,2022-04-12 10:46:39
1069,rb2210,SHFE,0_0_     1989199,     2646722,空,开,4956.0,2,2022-04-12 10:46:49
1070,rb2210,SHFE,0_0_     1989880,     2647211,多,平今,4955.0,2,2022-04-12 10:46:52
1071,rb2210,SHFE,0_0_     1994922,     2652053,空,平今,4955.0,5,2022-04-12 10:47:29
1072,rb2210,SHFE,0_0_     1995111,     2652236,多,开,4954.0,4,2022-04-12 10:47:31
1073,rb2210,SHFE,0_0_     1995377,     2652564,多,平今,4955.0,3,2022-04-12 10:47:35
1074,rb2210,SHFE,0_0_     1996209,     2653413,空,平今,4956.0,1,2022-04-12 10:47:45
1075,rb2210,SHFE,0_0_     1996209,     2653492,空,平今,4956.0,1,2022-04-12 10:47:45
1076,rb2210,SHFE,0_0_     2008486,     2663564,空,平今,4955.0,2,2022-04-12 10:49:40
1077,rb2210,SHFE,0_0_     2034087,     2702149,空,开,4966.0,2,2022-04-12 10:55:01
1078,rb2210,SHFE,0_0_     2034087,     2702174,空,开,4966.0,1,2022-04-12 10:55:01
1079,rb2210,SHFE,0_0_     2047537,     2702413,多,开,4965.0,4,2022-04-12 10:55:03
1080,rb2210,SHFE,0_0_     2048592,     2703882,空,平今,4967.0,4,2022-04-12 10:55:08
1081,rb2210,SHFE,0_0_     2048932,     2704109,多,开,4966.0,4,2022-04-12 10:55:10
1082,rb2210,SHFE,0_0_     2051124,     2707000,多,开,4967.0,4,2022-04-12 10:55:31
1083,rb2210,SHFE,0_0_     2048318,     2708397,多,平今,4965.0,1,2022-04-12 10:55:41
1084,rb2210,SHFE,0_0_     2048318,     2708399,多,平今,4965.0,1,2022-04-12 10:55:41
1085,rb2210,SHFE,0_0_     2060311,     2717535,空,开,4962.0,1,2022-04-12 10:56:58
1086,rb2210,SHFE,0_0_     2060311,     2717537,空,开,4962.0,1,2022-04-12 10:56:58
1087,rb2210,SHFE,0_0_     2068441,     2724567,多,平今,4961.0,1,2022-04-12 10:58:14
1088,rb2210,SHFE,0_0_     2069002,     2725493,空,开,4962.0,1,2022-04-12 10:58:27
1089,rb2210,SHFE,0_0_     2051651,     2733598,空,平今,4968.0,4,2022-04-12 10:59:30
1090,rb2210,SHFE,0_0_     2077285,     2733942,多,开,4968.000000000001,1,2022-04-12 10:59:30
1091,rb2210,SHFE,0_0_     2077285,     2733946,多,开,4968.000000000001,1,2022-04-12 10:59:30
1092,rb2210,SHFE,0_0_     2077285,     2733947,多,开,4968.000000000001,1,2022-04-12 10:59:30
1093,rb2210,SHFE,0_0_     2077285,     2733948,多,开,4968.000000000001,1,2022-04-12 10:59:30
1094,rb2210,SHFE,0_0_     2077580,     2735033,多,平今,4968.0,1,2022-04-12 10:59:36
1095,rb2210,SHFE,0_0_     2078805,     2736342,空,平今,4968.0,1,2022-04-12 10:59:48
1096,rb2210,SHFE,0_0_     2078805,     2736374,空,平今,4968.0,1,2022-04-12 10:59:48
1097,rb2210,SHFE,0_0_     2079358,     2736535,空,平今,4967.0,2,2022-04-12 10:59:49
1098,rb2210,SHFE,0_0_     2079414,     2737007,空,开,4968.0,1,2022-04-12 10:59:55
1099,rb2210,SHFE,0_0_     2079414,     2737008,空,开,4968.0,3,2022-04-12 10:59:55
1100,rb2210,SHFE,0_0_     2078110,     2737094,空,平今,4969.0,1,2022-04-12 10:59:55
1101,rb2210,SHFE,0_0_     2078110,     2737097,空,平今,4969.0,3,2022-04-12 10:59:55
1102,rb2210,SHFE,0_0_     2079804,     2738191,多,开,4968.0,4,2022-04-12 11:00:00
1103,rb2210,SHFE,0_0_     2080769,     2738686,空,平今,4969.0,1,2022-04-12 11:00:00
1104,rb2210,SHFE,0_0_     2081120,     2740574,多,开,4971.0,4,2022-04-12 11:00:02
1105,rb2210,SHFE,0_0_     2081404,     2741585,空,平今,4971.000000000001,2,2022-04-12 11:00:05
1106,rb2210,SHFE,0_0_     2089750,     2757539,多,平今,4968.0,2,2022-04-12 11:01:48
1107,rb2210,SHFE,0_0_     2094528,     2757669,空,平今,4969.0,2,2022-04-12 11:01:49
1108,rb2210,SHFE,0_0_     2094614,     2757773,多,平今,4968.0,2,2022-04-12 11:01:50
1109,rb2210,SHFE,0_0_     2094655,     2757813,空,平今,4969.0,2,2022-04-12 11:01:50
1110,rb2210,SHFE,0_0_     2095942,     2759902,多,开,4971.0,1,2022-04-12 11:02:07
1111,rb2210,SHFE,0_0_     2095942,     2759905,多,开,4971.0,1,2022-04-12 11:02:07
1112,rb2210,SHFE,0_0_     2095942,     2759907,多,开,4971.0,2,2022-04-12 11:02:07
1113,rb2210,SHFE,0_0_     2095942,     2760039,多,开,4971.0,1,2022-04-12 11:02:08
1114,rb2210,SHFE,0_0_     2097573,     2764718,空,平今,4971.0,1,2022-04-12 11:02:46
1115,rb2210,SHFE,0_0_     2104264,     2769929,多,平今,4973.0,1,2022-04-12 11:03:19
1116,rb2210,SHFE,0_0_     2104388,     2770458,空,平今,4974.0,1,2022-04-12 11:03:25
1117,rb2210,SHFE,0_0_     2104388,     2770486,空,平今,4974.0,2,2022-04-12 11:03:25
1118,rb2210,SHFE,0_0_     2104892,     2770705,多,开,4973.0,4,2022-04-12 11:03:27
1119,rb2210,SHFE,0_0_     2104897,     2771974,空,平今,4974.0,4,2022-04-12 11:03:40
1120,rb2210,SHFE,0_0_     2106150,     2772956,多,开,4973.0,4,2022-04-12 11:03:50
1121,rb2210,SHFE,0_0_     2107260,     2776077,空,开,4974.0,7,2022-04-12 11:04:14
1122,rb2210,SHFE,0_0_     2110664,     2776263,多,平今,4974.0,4,2022-04-12 11:04:15
1123,rb2210,SHFE,0_0_     2111164,     2776612,空,平今,4974.0,4,2022-04-12 11:04:19
1124,rb2210,SHFE,0_0_     2111395,     2777077,多,开,4973.0,4,2022-04-12 11:04:23
1125,rb2210,SHFE,0_0_     2113834,     2779333,多,平今,4974.0,1,2022-04-12 11:04:47
1126,rb2210,SHFE,0_0_     2114737,     2780242,空,平今,4975.0,4,2022-04-12 11:04:54
1127,rb2210,SHFE,0_0_     2115299,     2782939,空,平今,4975.0,2,2022-04-12 11:05:17
1128,rb2210,SHFE,0_0_     2117101,     2783053,多,平今,4974.0,2,2022-04-12 11:05:18
1129,rb2210,SHFE,0_0_     2117399,     2783429,空,开,4975.0,2,2022-04-12 11:05:21
1130,rb2210,SHFE,0_0_     2117779,     2786132,空,开,4975.0,4,2022-04-12 11:05:38
1131,rb2210,SHFE,0_0_     2120804,     2790368,多,开,4976.0,4,2022-04-12 11:06:05
1132,rb2210,SHFE,0_0_     2119181,     2792603,多,平今,4974.0,1,2022-04-12 11:06:19
1133,rb2210,SHFE,0_0_     2119181,     2792665,多,平今,4974.0,1,2022-04-12 11:06:20
1134,rb2210,SHFE,0_0_     2119181,     2792666,多,平今,4974.0,1,2022-04-12 11:06:20
1135,rb2210,SHFE,0_0_     2119181,     2792671,多,平今,4974.0,1,2022-04-12 11:06:20
1136,rb2210,SHFE,0_0_     2125245,     2792754,空,开,4975.0,2,2022-04-12 11:06:20
1137,rb2210,SHFE,0_0_     2125293,     2792755,空,开,4975.0,2,2022-04-12 11:06:20
1138,rb2210,SHFE,0_0_     2119024,     2795498,多,开,4973.0,1,2022-04-12 11:06:39
1139,rb2210,SHFE,0_0_     2119024,     2795500,多,开,4973.0,3,2022-04-12 11:06:39
1140,rb2210,SHFE,0_0_     2129867,     2798165,多,平今,4972.0,1,2022-04-12 11:06:58
1141,rb2210,SHFE,0_0_     2128143,     2804333,空,平今,4974.0,4,2022-04-12 11:07:45
1142,rb2210,SHFE,0_0_     2137394,     2806109,多,平今,4973.0,3,2022-04-12 11:07:58
1143,rb2210,SHFE,0_0_     2138660,     2806633,空,开,4973.0,3,2022-04-12 11:08:03
1144,rb2210,SHFE,0_0_     2138826,     2807063,多,平今,4973.0,3,2022-04-12 11:08:06
1145,rb2210,SHFE,0_0_     2138350,     2807798,空,开,4974.000000000001,1,2022-04-12 11:08:13
1146,rb2210,SHFE,0_0_     2143584,     2812300,空,开,4974.0,1,2022-04-12 11:08:58
1147,rb2210,SHFE,0_0_     2143929,     2812980,多,平今,4975.0,4,2022-04-12 11:09:05
1148,rb2210,SHFE,0_0_     2144131,     2816179,空,开,4976.0,4,2022-04-12 11:09:38
1149,rb2210,SHFE,0_0_     2147555,     2816345,多,平今,4975.0,4,2022-04-12 11:09:39
1150,rb2210,SHFE,0_0_     2139652,     2817715,多,平今,4973.0,1,2022-04-12 11:09:55
1151,rb2210,SHFE,0_0_     2149159,     2818084,空,开,4974.0,1,2022-04-12 11:10:00
1152,rb2210,SHFE,0_0_     2155223,     2824785,多,平今,4969.0,1,2022-04-12 11:10:48
1153,rb2210,SHFE,0_0_     2155227,     2825587,空,开,4970.0,1,2022-04-12 11:10:53
1154,rb2210,SHFE,0_0_     2152413,     2829453,空,开,4974.0,2,2022-04-12 11:11:32
1155,rb2210,SHFE,0_0_     2152413,     2829466,空,开,4974.0,1,2022-04-12 11:11:33
1156,rb2210,SHFE,0_0_     2161368,     2831911,多,开,4973.0,1,2022-04-12 11:11:59
1157,rb2210,SHFE,0_0_     2161368,     2831912,多,开,4973.0,1,2022-04-12 11:11:59
1158,rb2210,SHFE,0_0_     2161368,     2831913,多,开,4973.0,1,2022-04-12 11:11:59
1159,rb2210,SHFE,0_0_     2160171,     2832000,多,平今,4972.0,1,2022-04-12 11:11:59
1160,rb2210,SHFE,0_0_     2163544,     2832097,空,平今,4974.0,3,2022-04-12 11:12:00
1161,rb2210,SHFE,0_0_     2147752,     2839034,空,开,4976.0,4,2022-04-12 11:13:08
1162,rb2210,SHFE,0_0_     2175092,     2841871,多,平今,4977.0,1,2022-04-12 11:13:20
1163,rb2210,SHFE,0_0_     2176127,     2843296,多,平今,4978.0,1,2022-04-12 11:13:29
1164,rb2210,SHFE,0_0_     2176590,     2843660,空,平今,4979.0,1,2022-04-12 11:13:31
1165,rb2210,SHFE,0_0_     2176782,     2843890,多,开,4978.0,1,2022-04-12 11:13:33
1166,rb2210,SHFE,0_0_     2177403,     2845757,空,平今,4977.0,2,2022-04-12 11:13:53
1167,rb2210,SHFE,0_0_     2178843,     2845895,多,平今,4976.0,1,2022-04-12 11:13:55
1168,rb2210,SHFE,0_0_     2178843,     2845896,多,平今,4976.0,2,2022-04-12 11:13:55
1169,rb2210,SHFE,0_0_     2178843,     2845903,多,平今,4976.0,1,2022-04-12 11:13:55
1170,rb2210,SHFE,0_0_     2179037,     2846009,多,开,4976.0,1,2022-04-12 11:13:57
1171,rb2210,SHFE,0_0_     2179194,     2846044,空,开,4977.0,4,2022-04-12 11:13:57
1172,rb2210,SHFE,0_0_     2179230,     2846058,多,平今,4976.000000000001,4,2022-04-12 11:13:57
1173,rb2210,SHFE,0_0_     2179240,     2846320,空,开,4977.000000000001,6,2022-04-12 11:14:00
1174,rb2210,SHFE,0_0_     2179469,     2846348,多,平今,4976.0,1,2022-04-12 11:14:00
1175,rb2210,SHFE,0_0_     2179469,     2846361,多,平今,4976.0,5,2022-04-12 11:14:00
1176,rb2210,SHFE,0_0_     2179493,     2846446,空,开,4977.0,5,2022-04-12 11:14:01
1177,rb2210,SHFE,0_0_     2179560,     2846465,多,平今,4976.0,5,2022-04-12 11:14:01
1178,rb2210,SHFE,0_0_     2179575,     2846516,空,开,4977.0,5,2022-04-12 11:14:02
1179,rb2210,SHFE,0_0_     2180396,     2848882,空,平今,4977.0,1,2022-04-12 11:14:23
1180,rb2210,SHFE,0_0_     2182952,     2850050,多,开,4978.0,1,2022-04-12 11:14:30
1181,rb2210,SHFE,0_0_     2182952,     2850051,多,开,4978.0,1,2022-04-12 11:14:30
1182,rb2210,SHFE,0_0_     2183304,     2850294,空,平今,4979.0,1,2022-04-12 11:14:33
1183,rb2210,SHFE,0_0_     2183304,     2850295,空,平今,4979.0,1,2022-04-12 11:14:33
1184,rb2210,SHFE,0_0_     2183304,     2850313,空,平今,4979.0,2,2022-04-12 11:14:33
1185,rb2210,SHFE,0_0_     2183045,     2850484,多,平今,4978.0,1,2022-04-12 11:14:34
1186,rb2210,SHFE,0_0_     2183402,     2850508,空,开,4979.0,3,2022-04-12 11:14:34
1187,rb2210,SHFE,0_0_     2183403,     2850538,多,平今,4978.0,1,2022-04-12 11:14:34
1188,rb2210,SHFE,0_0_     2183403,     2850544,多,平今,4978.0,1,2022-04-12 11:14:34
1189,rb2210,SHFE,0_0_     2183403,     2850554,多,平今,4978.0,1,2022-04-12 11:14:34
1190,rb2210,SHFE,0_0_     2183404,     2850555,空,开,4979.0,2,2022-04-12 11:14:34
1191,rb2210,SHFE,0_0_     2183404,     2850556,空,开,4979.0,1,2022-04-12 11:14:34
1192,rb2210,SHFE,0_0_     2183405,     2850600,多,平今,4978.0,3,2022-04-12 11:14:34
1193,rb2210,SHFE,0_0_     2183438,     2850615,空,开,4979.0,3,2022-04-12 11:14:34
1194,rb2210,SHFE,0_0_     2183441,     2850624,多,平今,4978.0,1,2022-04-12 11:14:34
1195,rb2210,SHFE,0_0_     2183441,     2850663,多,平今,4978.0,1,2022-04-12 11:14:34
1196,rb2210,SHFE,0_0_     2183691,     2851308,多,平今,4979.0,1,2022-04-12 11:14:39
1197,rb2210,SHFE,0_0_     2183441,     2855581,多,平今,4978.0,1,2022-04-12 11:15:01
1198,rb2210,SHFE,0_0_     2183494,     2857379,多,开,4978.0,1,2022-04-12 11:15:13
1199,rb2210,SHFE,0_0_     2183494,     2857385,多,开,4978.0,1,2022-04-12 11:15:13
1200,rb2210,SHFE,0_0_     2183888,     2857403,多,开,4978.0,2,2022-04-12 11:15:13
1201,rb2210,SHFE,0_0_     2188306,     2857506,空,平今,4979.0,1,2022-04-12 11:15:14
1202,rb2210,SHFE,0_0_     2188306,     2857507,空,平今,4979.0,1,2022-04-12 11:15:14
1203,rb2210,SHFE,0_0_     2188377,     2857512,多,开,4978.0,2,2022-04-12 11:15:14
1204,rb2210,SHFE,0_0_     2188921,     2858504,空,平今,4978.0,1,2022-04-12 11:15:17
1205,rb2210,SHFE,0_0_     2190038,     2860278,空,平今,4981.0,2,2022-04-12 11:15:28
1206,rb2210,SHFE,0_0_     2191744,     2862934,空,开,4985.0,4,2022-04-12 11:15:44
1207,rb2210,SHFE,0_0_     2191754,     2863001,多,平今,4984.0,1,2022-04-12 11:15:44
1208,rb2210,SHFE,0_0_     2191754,     2863002,多,平今,4984.0,1,2022-04-12 11:15:44
1209,rb2210,SHFE,0_0_     2191754,     2863005,多,平今,4984.0,1,2022-04-12 11:15:44
1210,rb2210,SHFE,0_0_     2191754,     2863007,多,平今,4984.0,1,2022-04-12 11:15:44
1211,rb2210,SHFE,0_0_     2191776,     2863010,空,开,4985.0,1,2022-04-12 11:15:44
1212,rb2210,SHFE,0_0_     2191776,     2863011,空,开,4985.0,1,2022-04-12 11:15:44
1213,rb2210,SHFE,0_0_     2191776,     2863013,空,开,4985.0,1,2022-04-12 11:15:44
1214,rb2210,SHFE,0_0_     2191776,     2863015,空,开,4985.0,1,2022-04-12 11:15:44
1215,rb2210,SHFE,0_0_     2191781,     2863019,多,平今,4984.0,2,2022-04-12 11:15:44
1216,rb2210,SHFE,0_0_     2191781,     2863022,多,平今,4984.0,1,2022-04-12 11:15:44
1217,rb2210,SHFE,0_0_     2191781,     2863023,多,平今,4984.0,1,2022-04-12 11:15:44
1218,rb2210,SHFE,0_0_     2191782,     2863033,空,开,4985.0,1,2022-04-12 11:15:44
1219,rb2210,SHFE,0_0_     2191782,     2863034,空,开,4985.0,1,2022-04-12 11:15:44
1220,rb2210,SHFE,0_0_     2191782,     2863041,空,开,4985.0,1,2022-04-12 11:15:44
1221,rb2210,SHFE,0_0_     2191782,     2863061,空,开,4985.0,1,2022-04-12 11:15:44
1222,rb2210,SHFE,0_0_     2191813,     2863623,多,平今,4984.0,1,2022-04-12 11:15:46
1223,rb2210,SHFE,0_0_     2192115,     2863735,多,开,4984.0,1,2022-04-12 11:15:47
1224,rb2210,SHFE,0_0_     2192115,     2863736,多,开,4984.0,3,2022-04-12 11:15:47
1225,rb2210,SHFE,0_0_     2192385,     2864182,空,平今,4984.0,1,2022-04-12 11:15:50
1226,rb2210,SHFE,0_0_     2192385,     2864184,空,平今,4984.0,3,2022-04-12 11:15:50
1227,rb2210,SHFE,0_0_     2196772,     2868738,多,平今,4977.0,1,2022-04-12 11:16:26
1228,rb2210,SHFE,0_0_     2197205,     2869280,多,平今,4978.0,1,2022-04-12 11:16:29
1229,rb2210,SHFE,0_0_     2199449,     2871155,多,开,4978.0,2,2022-04-12 11:16:48
1230,rb2210,SHFE,0_0_     2199449,     2871201,多,开,4978.0,1,2022-04-12 11:16:49
1231,rb2210,SHFE,0_0_     2199449,     2871202,多,开,4978.0,1,2022-04-12 11:16:49
1232,rb2210,SHFE,0_0_     2199449,     2871298,多,开,4978.0,3,2022-04-12 11:16:49
1233,rb2210,SHFE,0_0_     2200106,     2879505,空,平今,4978.0,2,2022-04-12 11:18:01
