,code,exchange,orderid,tradeid,direction,offset,price,volume,datetime
0,rb2210,SHFE,0_0_          87,       23775,空,开,5010.0,8,2022-04-08 21:00:11
1,rb2210,SHFE,0_0_          92,       24412,多,平今,5009.0,4,2022-04-08 21:00:11
2,rb2210,SHFE,0_0_         114,       24456,空,开,5010.0,4,2022-04-08 21:00:11
3,rb2210,SHFE,0_0_         115,       24820,多,平今,5009.0,2,2022-04-08 21:00:12
4,rb2210,SHFE,0_0_         115,       24821,多,平今,5009.0,2,2022-04-08 21:00:12
5,rb2210,SHFE,0_0_         148,       25085,空,开,5010.0,4,2022-04-08 21:00:12
6,rb2210,SHFE,0_0_         149,       25281,多,平今,5009.0,4,2022-04-08 21:00:12
7,rb2210,SHFE,0_0_         157,       33504,空,开,5010.0,4,2022-04-08 21:00:21
8,rb2210,SHFE,0_0_         364,       33545,多,平今,5009.0,3,2022-04-08 21:00:21
9,rb2210,SHFE,0_0_         364,       33548,多,平今,5009.0,1,2022-04-08 21:00:21
10,rb2210,SHFE,0_0_         721,       48005,空,开,5007.0,2,2022-04-08 21:00:40
11,rb2210,SHFE,0_0_         938,       57931,多,平今,5010.0,6,2022-04-08 21:00:59
12,rb2210,SHFE,0_0_        1088,       61233,空,开,5011.0,4,2022-04-08 21:01:03
13,rb2210,SHFE,0_0_        1124,       62492,空,开,5010.0,4,2022-04-08 21:01:05
14,rb2210,SHFE,0_0_        1130,       63102,多,平今,5009.0,4,2022-04-08 21:01:06
15,rb2210,SHFE,0_0_        1184,       64500,空,平昨,5009.0,1,2022-04-08 21:01:08
16,rb2210,SHFE,0_0_        1194,       66412,多,平今,5008.0,1,2022-04-08 21:01:12
17,rb2210,SHFE,0_0_        1259,       66500,空,开,5009.0,1,2022-04-08 21:01:12
18,rb2210,SHFE,0_0_         827,       66930,多,开,5007.0,7,2022-04-08 21:01:13
19,rb2210,SHFE,0_0_        1285,       68035,空,开,5009.0,1,2022-04-08 21:01:16
20,rb2210,SHFE,0_0_        1285,       68068,空,开,5009.0,2,2022-04-08 21:01:16
21,rb2210,SHFE,0_0_        1303,       68197,空,平今,5009.0,4,2022-04-08 21:01:16
22,rb2210,SHFE,0_0_        1378,       68266,多,平今,5008.0,4,2022-04-08 21:01:16
23,rb2210,SHFE,0_0_        1381,       68310,空,开,5009.0,3,2022-04-08 21:01:16
24,rb2210,SHFE,0_0_        1381,       68362,空,开,5009.0,1,2022-04-08 21:01:16
25,rb2210,SHFE,0_0_        1384,       68441,多,平今,5008.0,4,2022-04-08 21:01:17
26,rb2210,SHFE,0_0_        1409,       68857,多,平今,5008.0,1,2022-04-08 21:01:18
27,rb2210,SHFE,0_0_        1549,       70795,空,开,5008.0,3,2022-04-08 21:01:22
28,rb2210,SHFE,0_0_        1549,       70827,空,开,5008.0,1,2022-04-08 21:01:22
29,rb2210,SHFE,0_0_        2099,       79610,空,平今,5008.0,3,2022-04-08 21:01:40
30,rb2210,SHFE,0_0_        3243,       95018,多,开,5008.0,2,2022-04-08 21:02:13
31,rb2210,SHFE,0_0_        3243,       95054,多,开,5008.0,4,2022-04-08 21:02:13
32,rb2210,SHFE,0_0_        3243,       95058,多,开,5008.0,1,2022-04-08 21:02:13
33,rb2210,SHFE,0_0_        3758,      101648,空,平今,5004.0,3,2022-04-08 21:02:26
34,rb2210,SHFE,0_0_        3809,      102515,多,平今,5003.000000000001,1,2022-04-08 21:02:28
35,rb2210,SHFE,0_0_        3878,      103146,多,平今,5003.0,3,2022-04-08 21:02:29
36,rb2210,SHFE,0_0_        4317,      107403,空,开,5003.0,6,2022-04-08 21:02:39
37,rb2210,SHFE,0_0_        5022,      112527,多,平今,5002.0,4,2022-04-08 21:02:54
38,rb2210,SHFE,0_0_        5328,      114521,空,平今,5001.0,1,2022-04-08 21:02:59
39,rb2210,SHFE,0_0_        5486,      116365,空,开,4999.0,4,2022-04-08 21:03:02
40,rb2210,SHFE,0_0_        5571,      117263,多,平今,4998.0,1,2022-04-08 21:03:04
41,rb2210,SHFE,0_0_        5571,      117274,多,平今,4998.0,1,2022-04-08 21:03:04
42,rb2210,SHFE,0_0_        5571,      117278,多,平今,4998.0,1,2022-04-08 21:03:04
43,rb2210,SHFE,0_0_        5571,      117279,多,平今,4998.0,1,2022-04-08 21:03:04
44,rb2210,SHFE,0_0_        5615,      117976,多,平今,4998.0,1,2022-04-08 21:03:06
45,rb2210,SHFE,0_0_        5873,      119124,多,平今,4998.0,2,2022-04-08 21:03:08
46,rb2210,SHFE,0_0_        5911,      120391,多,开,4998.0,1,2022-04-08 21:03:10
47,rb2210,SHFE,0_0_        5911,      120409,多,开,4998.0,2,2022-04-08 21:03:10
48,rb2210,SHFE,0_0_        5911,      120422,多,开,4998.0,1,2022-04-08 21:03:10
49,rb2210,SHFE,0_0_        6082,      121113,空,平今,4999.0,4,2022-04-08 21:03:12
50,rb2210,SHFE,0_0_        6272,      121848,空,开,4999.0,3,2022-04-08 21:03:14
51,rb2210,SHFE,0_0_        6394,      123257,空,平今,4998.0,2,2022-04-08 21:03:17
52,rb2210,SHFE,0_0_        6439,      124059,多,平今,4998.0,1,2022-04-08 21:03:18
53,rb2210,SHFE,0_0_        6537,      124491,多,平今,4998.0,2,2022-04-08 21:03:19
54,rb2210,SHFE,0_0_        6626,      125631,空,平今,4999.0,1,2022-04-08 21:03:22
55,rb2210,SHFE,0_0_        6788,      126124,空,开,4999.0,1,2022-04-08 21:03:24
56,rb2210,SHFE,0_0_        6788,      126125,空,开,4999.0,1,2022-04-08 21:03:24
57,rb2210,SHFE,0_0_        6816,      126391,空,开,4999.0,4,2022-04-08 21:03:25
58,rb2210,SHFE,0_0_        6887,      126622,多,平今,4997.0,2,2022-04-08 21:03:25
59,rb2210,SHFE,0_0_        6911,      126713,空,开,4998.0,2,2022-04-08 21:03:26
60,rb2210,SHFE,0_0_        6946,      127207,多,平今,4997.0,2,2022-04-08 21:03:27
61,rb2210,SHFE,0_0_        7081,      132369,多,平今,4997.0,4,2022-04-08 21:03:46
62,rb2210,SHFE,0_0_        8648,      134837,多,开,4999.0,2,2022-04-08 21:03:58
63,rb2210,SHFE,0_0_        9237,      138633,多,开,5001.0,1,2022-04-08 21:04:08
64,rb2210,SHFE,0_0_        9237,      138754,多,开,5001.0,1,2022-04-08 21:04:08
65,rb2210,SHFE,0_0_        9237,      138873,多,开,5001.0,2,2022-04-08 21:04:09
66,rb2210,SHFE,0_0_        9529,      139634,空,平今,5002.0,1,2022-04-08 21:04:12
67,rb2210,SHFE,0_0_        9572,      140390,空,平今,5002.0,2,2022-04-08 21:04:14
68,rb2210,SHFE,0_0_        9572,      140394,空,平今,5002.0,2,2022-04-08 21:04:14
69,rb2210,SHFE,0_0_       15038,      160793,空,开,5009.0,4,2022-04-08 21:05:17
70,rb2210,SHFE,0_0_       15165,      160800,多,平今,5008.0,1,2022-04-08 21:05:17
71,rb2210,SHFE,0_0_       15165,      160900,多,平今,5008.0,1,2022-04-08 21:05:17
72,rb2210,SHFE,0_0_       15165,      160907,多,平今,5008.0,1,2022-04-08 21:05:17
73,rb2210,SHFE,0_0_       15165,      160911,多,平今,5008.0,1,2022-04-08 21:05:17
74,rb2210,SHFE,0_0_       15336,      161515,多,开,5008.0,2,2022-04-08 21:05:18
75,rb2210,SHFE,0_0_       17193,      166934,空,平今,5010.0,1,2022-04-08 21:05:33
76,rb2210,SHFE,0_0_       17193,      166942,空,平今,5010.0,1,2022-04-08 21:05:33
77,rb2210,SHFE,0_0_       17362,      167076,多,开,5009.0,2,2022-04-08 21:05:33
78,rb2210,SHFE,0_0_       18599,      169628,空,开,5008.0,2,2022-04-08 21:05:44
79,rb2210,SHFE,0_0_       18599,      169634,空,开,5008.0,1,2022-04-08 21:05:44
80,rb2210,SHFE,0_0_       18599,      169635,空,开,5008.0,1,2022-04-08 21:05:44
81,rb2210,SHFE,0_0_       15460,      170105,多,开,5007.0,1,2022-04-08 21:05:45
82,rb2210,SHFE,0_0_       15460,      170147,多,开,5007.0,1,2022-04-08 21:05:46
83,rb2210,SHFE,0_0_       17395,      173412,空,平今,5010.000000000001,2,2022-04-08 21:06:00
84,rb2210,SHFE,0_0_       20400,      173643,多,平今,5009.0,4,2022-04-08 21:06:00
85,rb2210,SHFE,0_0_       20187,      173673,多,平今,5008.0,1,2022-04-08 21:06:00
86,rb2210,SHFE,0_0_       20426,      174118,空,开,5009.0,4,2022-04-08 21:06:01
87,rb2210,SHFE,0_0_       20426,      174129,空,开,5009.0,3,2022-04-08 21:06:01
88,rb2210,SHFE,0_0_       21370,      176503,多,开,5009.0,1,2022-04-08 21:06:09
89,rb2210,SHFE,0_0_       20587,      177952,多,平今,5008.0,7,2022-04-08 21:06:15
90,rb2210,SHFE,0_0_       22321,      178902,空,开,5009.0,7,2022-04-08 21:06:19
91,rb2210,SHFE,0_0_       22826,      178954,多,平今,5009.0,1,2022-04-08 21:06:19
92,rb2210,SHFE,0_0_       23308,      179994,空,平今,5007.0,1,2022-04-08 21:06:23
93,rb2210,SHFE,0_0_       23769,      181827,多,平今,5009.0,4,2022-04-08 21:06:31
94,rb2210,SHFE,0_0_       24123,      182253,多,平今,5009.0,1,2022-04-08 21:06:33
95,rb2210,SHFE,0_0_       24309,      182608,多,开,5009.0,2,2022-04-08 21:06:34
96,rb2210,SHFE,0_0_       24549,      183389,空,平今,5010.0,4,2022-04-08 21:06:38
97,rb2210,SHFE,0_0_       27509,      194522,多,开,5009.0,2,2022-04-08 21:07:19
98,rb2210,SHFE,0_0_       29638,      194820,空,平今,5009.0,1,2022-04-08 21:07:20
99,rb2210,SHFE,0_0_       23334,      198470,多,平今,5006.0,1,2022-04-08 21:07:32
100,rb2210,SHFE,0_0_       31644,      198474,空,平今,5007.0,1,2022-04-08 21:07:32
101,rb2210,SHFE,0_0_       33533,      202579,多,开,5008.0,1,2022-04-08 21:07:49
102,rb2210,SHFE,0_0_       33909,      203284,空,开,5009.0,4,2022-04-08 21:07:53
103,rb2210,SHFE,0_0_       36559,      207967,多,平今,5010.0,4,2022-04-08 21:08:13
104,rb2210,SHFE,0_0_       44165,      219547,多,开,5014.0,1,2022-04-08 21:09:02
105,rb2210,SHFE,0_0_       47418,      225156,空,开,5020.0,3,2022-04-08 21:09:16
106,rb2210,SHFE,0_0_       47418,      225161,空,开,5020.0,1,2022-04-08 21:09:16
107,rb2210,SHFE,0_0_       47563,      225545,多,平今,5019.0,4,2022-04-08 21:09:18
108,rb2210,SHFE,0_0_       47822,      225566,空,开,5020.0,4,2022-04-08 21:09:18
109,rb2210,SHFE,0_0_       56288,      239827,多,平今,5025.0,3,2022-04-08 21:10:01
110,rb2210,SHFE,0_0_       56384,      240792,空,开,5026.0,5,2022-04-08 21:10:03
111,rb2210,SHFE,0_0_       59562,      245356,多,开,5027.0,4,2022-04-08 21:10:18
112,rb2210,SHFE,0_0_       57526,      246896,多,平今,5025.0,3,2022-04-08 21:10:23
113,rb2210,SHFE,0_0_       60943,      247132,空,平今,5026.0,1,2022-04-08 21:10:24
114,rb2210,SHFE,0_0_       60943,      247144,空,平今,5026.0,1,2022-04-08 21:10:24
115,rb2210,SHFE,0_0_       60943,      247153,空,平今,5026.0,1,2022-04-08 21:10:24
116,rb2210,SHFE,0_0_       63816,      250853,多,平今,5027.0,1,2022-04-08 21:10:39
117,rb2210,SHFE,0_0_       63816,      250865,多,平今,5027.0,1,2022-04-08 21:10:39
118,rb2210,SHFE,0_0_       63960,      250909,空,平今,5028.0,2,2022-04-08 21:10:40
119,rb2210,SHFE,0_0_       65039,      252971,多,开,5029.0,4,2022-04-08 21:10:44
120,rb2210,SHFE,0_0_       65261,      254306,多,平今,5029.0,1,2022-04-08 21:10:50
121,rb2210,SHFE,0_0_       66381,      254621,空,平今,5030.0,4,2022-04-08 21:10:51
122,rb2210,SHFE,0_0_       67013,      255263,多,开,5030.0,1,2022-04-08 21:10:53
123,rb2210,SHFE,0_0_       67013,      255264,多,开,5030.0,1,2022-04-08 21:10:53
124,rb2210,SHFE,0_0_       67013,      255265,多,开,5030.0,1,2022-04-08 21:10:53
125,rb2210,SHFE,0_0_       67013,      255293,多,开,5030.0,1,2022-04-08 21:10:53
126,rb2210,SHFE,0_0_       67013,      255300,多,开,5030.0,1,2022-04-08 21:10:53
127,rb2210,SHFE,0_0_       67013,      255304,多,开,5030.0,1,2022-04-08 21:10:53
128,rb2210,SHFE,0_0_       67296,      255495,空,平今,5031.0,1,2022-04-08 21:10:54
129,rb2210,SHFE,0_0_       67405,      255553,空,平今,5031.0,3,2022-04-08 21:10:55
130,rb2210,SHFE,0_0_       67405,      255559,空,平今,5031.0,2,2022-04-08 21:10:55
131,rb2210,SHFE,0_0_       70505,      260386,多,开,5027.0,2,2022-04-08 21:11:13
132,rb2210,SHFE,0_0_       70989,      260815,多,开,5028.0,1,2022-04-08 21:11:14
133,rb2210,SHFE,0_0_       71512,      261797,空,平今,5029.0,2,2022-04-08 21:11:19
134,rb2210,SHFE,0_0_       72183,      262398,空,平今,5029.0,1,2022-04-08 21:11:22
135,rb2210,SHFE,0_0_       67608,      262462,空,开,5030.0,2,2022-04-08 21:11:22
136,rb2210,SHFE,0_0_       67608,      262463,空,开,5030.0,1,2022-04-08 21:11:22
137,rb2210,SHFE,0_0_       67608,      262464,空,开,5030.0,1,2022-04-08 21:11:22
138,rb2210,SHFE,0_0_       72400,      262482,多,平今,5029.0,4,2022-04-08 21:11:22
139,rb2210,SHFE,0_0_       73316,      264350,多,开,5029.0,1,2022-04-08 21:11:31
140,rb2210,SHFE,0_0_       78780,      269129,空,平今,5029.0,1,2022-04-08 21:11:56
141,rb2210,SHFE,0_0_       79287,      269721,空,开,5030.0,2,2022-04-08 21:11:59
142,rb2210,SHFE,0_0_       79287,      269758,空,开,5030.0,1,2022-04-08 21:11:59
143,rb2210,SHFE,0_0_       79287,      269760,空,开,5030.0,1,2022-04-08 21:11:59
144,rb2210,SHFE,0_0_       81366,      273138,多,开,5033.0,3,2022-04-08 21:12:07
145,rb2210,SHFE,0_0_       81366,      273139,多,开,5033.0,1,2022-04-08 21:12:07
146,rb2210,SHFE,0_0_       81689,      273915,空,平今,5035.0,4,2022-04-08 21:12:10
147,rb2210,SHFE,0_0_       81969,      275193,多,开,5034.0,5,2022-04-08 21:12:15
148,rb2210,SHFE,0_0_       83127,      275265,空,平今,5035.0,5,2022-04-08 21:12:15
149,rb2210,SHFE,0_0_       83146,      275305,多,开,5034.0,5,2022-04-08 21:12:15
150,rb2210,SHFE,0_0_       83163,      275322,空,平今,5035.0,5,2022-04-08 21:12:15
151,rb2210,SHFE,0_0_       83171,      275359,多,开,5034.0,1,2022-04-08 21:12:16
152,rb2210,SHFE,0_0_       83171,      275362,多,开,5034.0,1,2022-04-08 21:12:16
153,rb2210,SHFE,0_0_       83171,      275370,多,开,5034.0,1,2022-04-08 21:12:16
154,rb2210,SHFE,0_0_       83171,      275396,多,开,5034.0,1,2022-04-08 21:12:16
155,rb2210,SHFE,0_0_       83171,      275438,多,开,5034.0,1,2022-04-08 21:12:16
156,rb2210,SHFE,0_0_       83509,      275704,空,平今,5035.0,3,2022-04-08 21:12:18
157,rb2210,SHFE,0_0_       83509,      275706,空,平今,5035.0,1,2022-04-08 21:12:18
158,rb2210,SHFE,0_0_       83575,      276063,多,开,5034.0,4,2022-04-08 21:12:19
159,rb2210,SHFE,0_0_       83722,      276278,空,平今,5035.0,1,2022-04-08 21:12:20
160,rb2210,SHFE,0_0_       83722,      276287,空,平今,5035.0,3,2022-04-08 21:12:20
161,rb2210,SHFE,0_0_       83970,      276623,多,开,5034.0,4,2022-04-08 21:12:21
162,rb2210,SHFE,0_0_       84144,      280584,空,平今,5035.0,4,2022-04-08 21:12:37
163,rb2210,SHFE,0_0_       87419,      280594,多,开,5034.0,4,2022-04-08 21:12:38
164,rb2210,SHFE,0_0_       89380,      282833,空,平今,5035.0,2,2022-04-08 21:12:48
165,rb2210,SHFE,0_0_       89380,      282834,空,平今,5035.0,1,2022-04-08 21:12:48
166,rb2210,SHFE,0_0_       89492,      282978,空,平今,5035.0,2,2022-04-08 21:12:49
167,rb2210,SHFE,0_0_       89620,      283137,多,平今,5034.0,1,2022-04-08 21:12:50
168,rb2210,SHFE,0_0_       92990,      287055,多,开,5032.0,3,2022-04-08 21:13:06
169,rb2210,SHFE,0_0_       93321,      287274,空,平今,5033.0,3,2022-04-08 21:13:08
170,rb2210,SHFE,0_0_      108208,      303885,多,开,5035.0,1,2022-04-08 21:14:39
171,rb2210,SHFE,0_0_      108208,      303900,多,开,5035.0,1,2022-04-08 21:14:39
172,rb2210,SHFE,0_0_      108208,      303934,多,开,5035.0,1,2022-04-08 21:14:39
173,rb2210,SHFE,0_0_      108208,      303949,多,开,5035.0,3,2022-04-08 21:14:39
174,rb2210,SHFE,0_0_      109208,      305302,空,平今,5036.0,2,2022-04-08 21:14:45
175,rb2210,SHFE,0_0_      110513,      307068,空,平今,5036.0,1,2022-04-08 21:14:52
176,rb2210,SHFE,0_0_      110513,      307071,空,平今,5036.0,1,2022-04-08 21:14:52
177,rb2210,SHFE,0_0_      110513,      307082,空,平今,5036.0,1,2022-04-08 21:14:52
178,rb2210,SHFE,0_0_      110513,      307084,空,平今,5036.0,1,2022-04-08 21:14:52
179,rb2210,SHFE,0_0_      111938,      309760,多,开,5035.0,4,2022-04-08 21:15:01
180,rb2210,SHFE,0_0_      113981,      313420,空,平今,5033.0,4,2022-04-08 21:15:07
181,rb2210,SHFE,0_0_      115089,      315178,空,开,5031.0,2,2022-04-08 21:15:13
182,rb2210,SHFE,0_0_      115089,      315213,空,开,5031.0,1,2022-04-08 21:15:13
183,rb2210,SHFE,0_0_      115089,      315224,空,开,5031.0,1,2022-04-08 21:15:13
184,rb2210,SHFE,0_0_      115890,      316792,空,平今,5028.0,2,2022-04-08 21:15:17
185,rb2210,SHFE,0_0_      119773,      323257,多,开,5028.0,8,2022-04-08 21:15:38
186,rb2210,SHFE,0_0_      122094,      324983,多,平今,5028.0,1,2022-04-08 21:15:46
187,rb2210,SHFE,0_0_      122952,      326166,空,平今,5028.0,1,2022-04-08 21:15:50
188,rb2210,SHFE,0_0_      122952,      326188,空,平今,5028.0,3,2022-04-08 21:15:50
189,rb2210,SHFE,0_0_      128845,      333195,空,平今,5028.0,1,2022-04-08 21:16:20
190,rb2210,SHFE,0_0_      128845,      333205,空,平今,5028.0,1,2022-04-08 21:16:21
191,rb2210,SHFE,0_0_      128845,      333221,空,平今,5028.0,1,2022-04-08 21:16:21
192,rb2210,SHFE,0_0_      128845,      333222,空,平今,5028.0,1,2022-04-08 21:16:21
193,rb2210,SHFE,0_0_      141733,      347161,多,平今,5024.0,1,2022-04-08 21:17:26
194,rb2210,SHFE,0_0_      141900,      348993,空,开,5025.000000000001,1,2022-04-08 21:17:35
195,rb2210,SHFE,0_0_      143576,      349661,多,平今,5024.0,1,2022-04-08 21:17:39
196,rb2210,SHFE,0_0_      144230,      349765,多,平今,5024.0,1,2022-04-08 21:17:40
197,rb2210,SHFE,0_0_      146889,      353839,空,开,5023.0,1,2022-04-08 21:18:01
198,rb2210,SHFE,0_0_      156401,      364039,多,平今,5023.0,1,2022-04-08 21:18:53
199,rb2210,SHFE,0_0_      162007,      371867,多,平今,5020.0,1,2022-04-08 21:19:25
200,rb2210,SHFE,0_0_      162007,      371871,多,平今,5020.0,2,2022-04-08 21:19:25
201,rb2210,SHFE,0_0_      162349,      372613,多,开,5021.0,1,2022-04-08 21:19:29
202,rb2210,SHFE,0_0_      162349,      372618,多,开,5021.0,3,2022-04-08 21:19:29
203,rb2210,SHFE,0_0_      166354,      377092,空,开,5021.0,2,2022-04-08 21:19:52
204,rb2210,SHFE,0_0_      166797,      377125,多,平今,5021.0,1,2022-04-08 21:19:53
205,rb2210,SHFE,0_0_      166797,      377126,多,平今,5021.0,1,2022-04-08 21:19:53
206,rb2210,SHFE,0_0_      166843,      377615,空,开,5021.0,3,2022-04-08 21:19:55
207,rb2210,SHFE,0_0_      167097,      377828,多,平今,5020.0,4,2022-04-08 21:19:56
208,rb2210,SHFE,0_0_      167405,      378809,空,开,5021.0,1,2022-04-08 21:20:00
209,rb2210,SHFE,0_0_      162686,      380020,空,平今,5022.0,4,2022-04-08 21:20:03
210,rb2210,SHFE,0_0_      168545,      380071,多,开,5021.0,4,2022-04-08 21:20:03
211,rb2210,SHFE,0_0_      168115,      380955,多,开,5020.0,2,2022-04-08 21:20:05
212,rb2210,SHFE,0_0_      169243,      385268,空,开,5020.0,7,2022-04-08 21:20:23
213,rb2210,SHFE,0_0_      172678,      386140,多,平今,5020.0,4,2022-04-08 21:20:26
214,rb2210,SHFE,0_0_      169158,      386179,空,平今,5021.0,3,2022-04-08 21:20:26
215,rb2210,SHFE,0_0_      169158,      386290,空,平今,5021.0,1,2022-04-08 21:20:26
216,rb2210,SHFE,0_0_      173090,      386299,多,平今,5020.0,1,2022-04-08 21:20:26
217,rb2210,SHFE,0_0_      173091,      386380,空,平今,5021.0,1,2022-04-08 21:20:26
218,rb2210,SHFE,0_0_      173131,      387485,多,平今,5020.0,1,2022-04-08 21:20:31
219,rb2210,SHFE,0_0_      173138,      388561,多,开,5020.0,4,2022-04-08 21:20:39
220,rb2210,SHFE,0_0_      175170,      388848,空,平今,5021.0,4,2022-04-08 21:20:40
221,rb2210,SHFE,0_0_      175329,      388996,多,开,5020.0,2,2022-04-08 21:20:41
222,rb2210,SHFE,0_0_      175329,      389113,多,开,5020.0,2,2022-04-08 21:20:41
223,rb2210,SHFE,0_0_      175340,      389120,空,开,5021.0,2,2022-04-08 21:20:41
224,rb2210,SHFE,0_0_      175560,      389426,空,平今,5019.0,4,2022-04-08 21:20:41
225,rb2210,SHFE,0_0_      175577,      389471,多,平今,5018.0,4,2022-04-08 21:20:42
226,rb2210,SHFE,0_0_      175619,      389753,空,开,5017.0,2,2022-04-08 21:20:42
227,rb2210,SHFE,0_0_      175619,      389755,空,开,5017.0,1,2022-04-08 21:20:42
228,rb2210,SHFE,0_0_      175619,      389756,空,开,5017.0,1,2022-04-08 21:20:42
229,rb2210,SHFE,0_0_      175619,      389759,空,开,5017.0,1,2022-04-08 21:20:42
230,rb2210,SHFE,0_0_      175619,      389760,空,开,5017.0,1,2022-04-08 21:20:42
231,rb2210,SHFE,0_0_      175619,      389762,空,开,5017.0,1,2022-04-08 21:20:42
232,rb2210,SHFE,0_0_      175619,      389765,空,开,5017.0,1,2022-04-08 21:20:42
233,rb2210,SHFE,0_0_      179205,      394061,多,平今,5019.0,2,2022-04-08 21:21:04
234,rb2210,SHFE,0_0_      179674,      395473,多,平今,5019.0,2,2022-04-08 21:21:13
235,rb2210,SHFE,0_0_      180653,      396526,空,开,5020.0,2,2022-04-08 21:21:20
236,rb2210,SHFE,0_0_      181530,      396935,多,平今,5019.0,1,2022-04-08 21:21:22
237,rb2210,SHFE,0_0_      181530,      396961,多,平今,5019.0,1,2022-04-08 21:21:22
238,rb2210,SHFE,0_0_      181999,      397592,空,开,5020.0,4,2022-04-08 21:21:28
239,rb2210,SHFE,0_0_      182598,      398999,多,平今,5019.0,2,2022-04-08 21:21:39
240,rb2210,SHFE,0_0_      175902,      400781,多,平今,5017.0,4,2022-04-08 21:21:45
241,rb2210,SHFE,0_0_      186665,      402089,空,平今,5016.0,1,2022-04-08 21:21:49
242,rb2210,SHFE,0_0_      185929,      402124,空,开,5017.0,1,2022-04-08 21:21:49
243,rb2210,SHFE,0_0_      185929,      402133,空,开,5017.0,2,2022-04-08 21:21:49
244,rb2210,SHFE,0_0_      185929,      402136,空,开,5017.0,1,2022-04-08 21:21:49
245,rb2210,SHFE,0_0_      197861,      415157,多,平今,5018.0,1,2022-04-08 21:23:04
246,rb2210,SHFE,0_0_      198501,      416882,多,平今,5019.0,2,2022-04-08 21:23:12
247,rb2210,SHFE,0_0_      198501,      425495,多,平今,5019.0,1,2022-04-08 21:24:01
248,rb2210,SHFE,0_0_      211282,      431250,多,平今,5014.0,2,2022-04-08 21:24:32
249,rb2210,SHFE,0_0_      211363,      431391,空,开,5014.0,1,2022-04-08 21:24:32
250,rb2210,SHFE,0_0_      211363,      431398,空,开,5014.0,3,2022-04-08 21:24:32
251,rb2210,SHFE,0_0_      211363,      431400,空,开,5014.0,4,2022-04-08 21:24:32
252,rb2210,SHFE,0_0_      211418,      431723,多,平今,5013.0,3,2022-04-08 21:24:34
253,rb2210,SHFE,0_0_      211566,      431963,空,开,5014.0,3,2022-04-08 21:24:35
254,rb2210,SHFE,0_0_      211637,      432236,多,平今,5013.0,3,2022-04-08 21:24:36
255,rb2210,SHFE,0_0_      211880,      432493,空,开,5014.0,3,2022-04-08 21:24:37
256,rb2210,SHFE,0_0_      212052,      432622,多,平今,5013.0,3,2022-04-08 21:24:37
257,rb2210,SHFE,0_0_      223301,      448778,多,平今,5005.0,1,2022-04-08 21:25:36
258,rb2210,SHFE,0_0_      236320,      464983,空,开,5006.0,1,2022-04-08 21:27:05
259,rb2210,SHFE,0_0_      242857,      473945,多,平今,5005.0,1,2022-04-08 21:27:49
260,rb2210,SHFE,0_0_      243046,      474023,多,平今,5005.0,2,2022-04-08 21:27:50
261,rb2210,SHFE,0_0_      244041,      475393,多,平今,5005.0,1,2022-04-08 21:28:00
262,rb2210,SHFE,0_0_      246294,      486749,多,开,5006.0,1,2022-04-08 21:29:16
263,rb2210,SHFE,0_0_      246294,      486786,多,开,5006.0,1,2022-04-08 21:29:16
264,rb2210,SHFE,0_0_      255850,      488122,空,开,5005.0,3,2022-04-08 21:29:27
265,rb2210,SHFE,0_0_      255850,      488123,空,开,5005.0,1,2022-04-08 21:29:27
266,rb2210,SHFE,0_0_      255850,      488124,空,开,5005.0,1,2022-04-08 21:29:27
267,rb2210,SHFE,0_0_      255850,      488125,空,开,5005.0,1,2022-04-08 21:29:27
268,rb2210,SHFE,0_0_      260193,      492966,多,平今,5005.0,1,2022-04-08 21:29:53
269,rb2210,SHFE,0_0_      260425,      493050,空,平今,5006.0,1,2022-04-08 21:29:54
270,rb2210,SHFE,0_0_      265859,      500205,多,开,5012.0,1,2022-04-08 21:30:21
271,rb2210,SHFE,0_0_      265859,      500206,多,开,5012.0,1,2022-04-08 21:30:21
272,rb2210,SHFE,0_0_      265757,      502312,多,平今,5010.0,4,2022-04-08 21:30:29
273,rb2210,SHFE,0_0_      267589,      502593,空,开,5011.0,1,2022-04-08 21:30:31
274,rb2210,SHFE,0_0_      267589,      502608,空,开,5011.0,3,2022-04-08 21:30:31
275,rb2210,SHFE,0_0_      260479,      512210,多,平今,5005.0,1,2022-04-08 21:31:20
276,rb2210,SHFE,0_0_      276318,      512218,空,平今,5006.0,1,2022-04-08 21:31:20
277,rb2210,SHFE,0_0_      275550,      514140,空,平今,5007.0,2,2022-04-08 21:31:36
278,rb2210,SHFE,0_0_      278420,      514148,多,平今,5006.0,2,2022-04-08 21:31:36
279,rb2210,SHFE,0_0_      282095,      518217,空,开,5003.0,5,2022-04-08 21:32:03
280,rb2210,SHFE,0_0_      285311,      522090,多,平今,5005.0,1,2022-04-08 21:32:30
281,rb2210,SHFE,0_0_      286872,      523509,多,平今,5007.0,2,2022-04-08 21:32:41
282,rb2210,SHFE,0_0_      291731,      529639,空,开,5000.0,2,2022-04-08 21:33:16
283,rb2210,SHFE,0_0_      292243,      530578,多,平今,4999.0,1,2022-04-08 21:33:21
284,rb2210,SHFE,0_0_      292634,      531857,空,开,4999.0,2,2022-04-08 21:33:25
285,rb2210,SHFE,0_0_      297522,      538109,多,平今,4998.0,4,2022-04-08 21:33:54
286,rb2210,SHFE,0_0_      297700,      539702,空,开,4999.0,1,2022-04-08 21:34:00
287,rb2210,SHFE,0_0_      300385,      541695,多,平今,4997.0,2,2022-04-08 21:34:12
288,rb2210,SHFE,0_0_      302533,      544552,多,平今,4998.0,1,2022-04-08 21:34:26
289,rb2210,SHFE,0_0_      302533,      544592,多,平今,4998.0,1,2022-04-08 21:34:26
290,rb2210,SHFE,0_0_      311160,      555593,多,开,5006.0,8,2022-04-08 21:35:22
291,rb2210,SHFE,0_0_      311719,      564763,空,平今,5006.0,3,2022-04-08 21:36:17
292,rb2210,SHFE,0_0_      323076,      568035,空,平今,4999.0,2,2022-04-08 21:36:41
293,rb2210,SHFE,0_0_      324808,      571233,多,开,4994.0,3,2022-04-08 21:36:51
294,rb2210,SHFE,0_0_      325506,      572228,多,开,4996.0,2,2022-04-08 21:36:58
295,rb2210,SHFE,0_0_      332792,      579856,空,平今,4999.0,5,2022-04-08 21:37:54
296,rb2210,SHFE,0_0_      334392,      582279,多,开,4997.0,3,2022-04-08 21:38:09
297,rb2210,SHFE,0_0_      339264,      587546,空,平今,5003.0,3,2022-04-08 21:38:48
298,rb2210,SHFE,0_0_      339403,      587771,空,开,5003.0,4,2022-04-08 21:38:51
299,rb2210,SHFE,0_0_      358549,      609587,多,平今,4998.0,2,2022-04-08 21:41:02
300,rb2210,SHFE,0_0_      340579,      613372,空,平今,5003.0,1,2022-04-08 21:41:25
301,rb2210,SHFE,0_0_      363448,      614790,多,平今,5002.0,2,2022-04-08 21:41:33
302,rb2210,SHFE,0_0_      364705,      615959,多,开,5002.0,1,2022-04-08 21:41:41
303,rb2210,SHFE,0_0_      364705,      616090,多,开,5002.0,3,2022-04-08 21:41:42
304,rb2210,SHFE,0_0_      365324,      629885,空,平今,5004.0,2,2022-04-08 21:42:45
305,rb2210,SHFE,0_0_      375727,      630107,多,开,5003.0,4,2022-04-08 21:42:46
306,rb2210,SHFE,0_0_      375899,      630698,空,平今,5004.0,2,2022-04-08 21:42:49
307,rb2210,SHFE,0_0_      375899,      630836,空,平今,5004.0,2,2022-04-08 21:42:50
308,rb2210,SHFE,0_0_      377249,      631858,多,平今,5004.000000000001,1,2022-04-08 21:42:56
309,rb2210,SHFE,0_0_      376632,      634414,多,开,5003.0,2,2022-04-08 21:43:09
310,rb2210,SHFE,0_0_      376632,      634416,多,开,5003.0,2,2022-04-08 21:43:09
311,rb2210,SHFE,0_0_      388297,      643943,空,平今,5006.0,1,2022-04-08 21:44:28
312,rb2210,SHFE,0_0_      389521,      644726,空,平今,5006.0,2,2022-04-08 21:44:33
313,rb2210,SHFE,0_0_      427176,      680316,空,平今,5004.0,1,2022-04-08 21:49:08
314,rb2210,SHFE,0_0_      427214,      680317,多,开,5003.0,1,2022-04-08 21:49:08
315,rb2210,SHFE,0_0_      430263,      682105,空,平今,5003.0,1,2022-04-08 21:49:29
316,rb2210,SHFE,0_0_      427215,      684380,空,平今,5004.0,1,2022-04-08 21:49:54
317,rb2210,SHFE,0_0_      437244,      691157,空,开,5002.0,4,2022-04-08 21:50:35
318,rb2210,SHFE,0_0_      437475,      694670,空,平今,5002.0,1,2022-04-08 21:51:02
319,rb2210,SHFE,0_0_      443534,      700450,多,平今,4999.0,1,2022-04-08 21:52:01
320,rb2210,SHFE,0_0_      452886,      715591,空,开,4993.000000000001,4,2022-04-08 21:54:07
321,rb2210,SHFE,0_0_      453409,      715643,多,平今,4992.0,1,2022-04-08 21:54:08
322,rb2210,SHFE,0_0_      453409,      715647,多,平今,4992.0,3,2022-04-08 21:54:08
323,rb2210,SHFE,0_0_      453475,      715665,空,开,4993.0,4,2022-04-08 21:54:08
324,rb2210,SHFE,0_0_      453502,      723152,多,平今,4992.0,4,2022-04-08 21:55:00
325,rb2210,SHFE,0_0_      458642,      723532,空,开,4993.0,4,2022-04-08 21:55:03
326,rb2210,SHFE,0_0_      458887,      723692,多,平今,4992.0,3,2022-04-08 21:55:04
327,rb2210,SHFE,0_0_      458887,      723693,多,平今,4992.0,1,2022-04-08 21:55:04
328,rb2210,SHFE,0_0_      465387,      732355,空,平今,4996.0,1,2022-04-08 21:56:16
329,rb2210,SHFE,0_0_      465387,      732361,空,平今,4996.0,1,2022-04-08 21:56:16
330,rb2210,SHFE,0_0_      466152,      732738,多,平今,4995.0,1,2022-04-08 21:56:18
331,rb2210,SHFE,0_0_      466390,      732800,空,开,4996.000000000001,1,2022-04-08 21:56:18
332,rb2210,SHFE,0_0_      466443,      735651,多,平今,4995.0,1,2022-04-08 21:56:37
333,rb2210,SHFE,0_0_      468344,      735826,空,开,4996.0,1,2022-04-08 21:56:40
334,rb2210,SHFE,0_0_      489654,      757687,多,平今,4997.0,1,2022-04-08 21:59:53
335,rb2210,SHFE,0_0_      489999,      757933,空,开,4998.0,1,2022-04-08 21:59:56
336,rb2210,SHFE,0_0_      495266,      765841,多,开,5004.0,4,2022-04-08 22:00:19
337,rb2210,SHFE,0_0_      493125,      767667,多,平今,5002.0,1,2022-04-08 22:00:29
338,rb2210,SHFE,0_0_      498218,      774400,空,平今,5005.0,3,2022-04-08 22:00:58
339,rb2210,SHFE,0_0_      502307,      775852,多,开,5004.0,3,2022-04-08 22:01:04
340,rb2210,SHFE,0_0_      501390,      776309,空,开,5005.0,3,2022-04-08 22:01:06
341,rb2210,SHFE,0_0_      503819,      779514,多,平今,5004.0,1,2022-04-08 22:01:24
342,rb2210,SHFE,0_0_      503819,      779750,多,平今,5004.0,1,2022-04-08 22:01:24
343,rb2210,SHFE,0_0_      506832,      782027,多,平今,5004.0,1,2022-04-08 22:01:34
344,rb2210,SHFE,0_0_      508308,      783457,多,平今,5004.0,1,2022-04-08 22:01:42
345,rb2210,SHFE,0_0_      509897,      784448,空,平今,5005.0,1,2022-04-08 22:01:50
346,rb2210,SHFE,0_0_      512267,      785130,多,开,5005.0,1,2022-04-08 22:01:57
347,rb2210,SHFE,0_0_      511773,      786302,多,平今,5004.0,1,2022-04-08 22:02:02
348,rb2210,SHFE,0_0_      514660,      787669,空,平今,5005.0,2,2022-04-08 22:02:09
349,rb2210,SHFE,0_0_      516730,      789709,空,开,5005.0,4,2022-04-08 22:02:26
350,rb2210,SHFE,0_0_      517717,      791385,多,平今,5005.0,2,2022-04-08 22:02:36
351,rb2210,SHFE,0_0_      518377,      791398,多,平今,5005.0,1,2022-04-08 22:02:36
352,rb2210,SHFE,0_0_      518721,      791411,空,开,5006.0,5,2022-04-08 22:02:36
353,rb2210,SHFE,0_0_      518736,      791475,多,平今,5005.0,1,2022-04-08 22:02:37
354,rb2210,SHFE,0_0_      518736,      791806,多,平今,5005.0,1,2022-04-08 22:02:39
355,rb2210,SHFE,0_0_      518736,      792793,多,平今,5005.0,1,2022-04-08 22:02:43
356,rb2210,SHFE,0_0_      518736,      792833,多,平今,5005.0,1,2022-04-08 22:02:44
357,rb2210,SHFE,0_0_      518736,      792888,多,平今,5005.0,1,2022-04-08 22:02:44
358,rb2210,SHFE,0_0_      520483,      793340,多,平今,5005.0,1,2022-04-08 22:02:48
359,rb2210,SHFE,0_0_      520498,      794161,空,平今,5006.0,1,2022-04-08 22:03:00
360,rb2210,SHFE,0_0_      520628,      795737,多,开,5005.0,1,2022-04-08 22:03:12
361,rb2210,SHFE,0_0_      523074,      797567,空,开,5005.0,1,2022-04-08 22:03:22
362,rb2210,SHFE,0_0_      523074,      797572,空,开,5005.0,1,2022-04-08 22:03:22
363,rb2210,SHFE,0_0_      524599,      797648,多,平今,5004.0,2,2022-04-08 22:03:23
364,rb2210,SHFE,0_0_      524746,      798205,空,开,5005.0,2,2022-04-08 22:03:28
365,rb2210,SHFE,0_0_      525740,      798560,空,平今,5005.0,2,2022-04-08 22:03:31
366,rb2210,SHFE,0_0_      527000,      800919,多,平今,5005.0,1,2022-04-08 22:03:59
367,rb2210,SHFE,0_0_      529034,      804833,空,开,5006.0,1,2022-04-08 22:04:46
368,rb2210,SHFE,0_0_      529034,      804882,空,开,5006.0,2,2022-04-08 22:04:47
369,rb2210,SHFE,0_0_      533804,      805969,多,平今,5005.0,1,2022-04-08 22:04:59
370,rb2210,SHFE,0_0_      533804,      806137,多,平今,5005.0,1,2022-04-08 22:05:00
371,rb2210,SHFE,0_0_      535323,      807300,空,开,5006.0,1,2022-04-08 22:05:11
372,rb2210,SHFE,0_0_      536980,      809583,多,平今,5005.0,1,2022-04-08 22:05:35
373,rb2210,SHFE,0_0_      540456,      813720,空,开,5006.0,1,2022-04-08 22:06:19
374,rb2210,SHFE,0_0_      546825,      823972,多,开,5009.0,1,2022-04-08 22:07:19
375,rb2210,SHFE,0_0_      546825,      824140,多,开,5009.0,3,2022-04-08 22:07:19
376,rb2210,SHFE,0_0_      545088,      832946,多,平今,5005.0,1,2022-04-08 22:08:35
377,rb2210,SHFE,0_0_      560699,      832953,空,平今,5006.0,1,2022-04-08 22:08:35
378,rb2210,SHFE,0_0_      560700,      833102,多,平今,5005.000000000001,1,2022-04-08 22:08:36
379,rb2210,SHFE,0_0_      560807,      833224,空,平今,5006.0,1,2022-04-08 22:08:38
380,rb2210,SHFE,0_0_      560992,      833417,多,平今,5005.0,1,2022-04-08 22:08:39
381,rb2210,SHFE,0_0_      561071,      833629,空,平今,5006.0,1,2022-04-08 22:08:40
382,rb2210,SHFE,0_0_      561204,      834072,多,开,5005.0,1,2022-04-08 22:08:43
383,rb2210,SHFE,0_0_      561569,      834159,空,平今,5006.0,1,2022-04-08 22:08:44
384,rb2210,SHFE,0_0_      561630,      834884,多,开,5005.0,1,2022-04-08 22:08:50
385,rb2210,SHFE,0_0_      562389,      835034,空,平今,5006.0,1,2022-04-08 22:08:52
386,rb2210,SHFE,0_0_      596986,      875773,空,开,5012.0,2,2022-04-08 22:13:12
387,rb2210,SHFE,0_0_      572921,      876007,空,开,5013.0,1,2022-04-08 22:13:15
388,rb2210,SHFE,0_0_      572921,      876015,空,开,5013.0,1,2022-04-08 22:13:15
389,rb2210,SHFE,0_0_      572921,      876017,空,开,5013.0,1,2022-04-08 22:13:15
390,rb2210,SHFE,0_0_      572921,      876020,空,开,5013.0,1,2022-04-08 22:13:15
391,rb2210,SHFE,0_0_      598272,      876885,多,平今,5014.0,1,2022-04-08 22:13:19
392,rb2210,SHFE,0_0_      598272,      877109,多,平今,5014.0,1,2022-04-08 22:13:20
393,rb2210,SHFE,0_0_      601360,      879480,空,开,5012.0,2,2022-04-08 22:13:38
394,rb2210,SHFE,0_0_      613529,      893896,多,平今,5013.0,1,2022-04-08 22:15:20
395,rb2210,SHFE,0_0_      613529,      893909,多,平今,5013.0,1,2022-04-08 22:15:20
396,rb2210,SHFE,0_0_      613529,      894072,多,平今,5013.0,1,2022-04-08 22:15:22
397,rb2210,SHFE,0_0_      615282,      894257,空,平今,5014.0,1,2022-04-08 22:15:23
398,rb2210,SHFE,0_0_      628221,      908547,空,开,5006.0,3,2022-04-08 22:17:16
399,rb2210,SHFE,0_0_      636258,      916522,多,平今,4999.0,3,2022-04-08 22:18:12
400,rb2210,SHFE,0_0_      636258,      916543,多,平今,4999.0,1,2022-04-08 22:18:12
401,rb2210,SHFE,0_0_      636420,      916658,多,开,4999.0,4,2022-04-08 22:18:12
402,rb2210,SHFE,0_0_      636474,      916672,空,平今,5000.0,4,2022-04-08 22:18:13
403,rb2210,SHFE,0_0_      641218,      924911,多,平今,5001.0,2,2022-04-08 22:19:25
404,rb2210,SHFE,0_0_      645689,      925041,空,开,5001.0,2,2022-04-08 22:19:26
405,rb2210,SHFE,0_0_      646356,      926043,空,开,5001.0,1,2022-04-08 22:19:36
406,rb2210,SHFE,0_0_      646773,      933954,多,平今,5000.0,1,2022-04-08 22:20:52
407,rb2210,SHFE,0_0_      656591,      934863,空,开,5001.0,2,2022-04-08 22:21:00
408,rb2210,SHFE,0_0_      657658,      934989,空,开,5001.0,2,2022-04-08 22:21:01
409,rb2210,SHFE,0_0_      657699,      935107,多,平今,5000.0,1,2022-04-08 22:21:02
410,rb2210,SHFE,0_0_      657699,      935108,多,平今,5000.0,1,2022-04-08 22:21:02
411,rb2210,SHFE,0_0_      663065,      939308,多,平今,5003.0,1,2022-04-08 22:21:53
412,rb2210,SHFE,0_0_      664000,      943560,多,平今,5003.0,3,2022-04-08 22:22:41
413,rb2210,SHFE,0_0_      673466,      948323,空,开,4998.0,2,2022-04-08 22:23:28
414,rb2210,SHFE,0_0_      676686,      953848,多,开,4999.0,8,2022-04-08 22:23:58
415,rb2210,SHFE,0_0_      677507,      958954,空,平今,4999.0,4,2022-04-08 22:24:08
416,rb2210,SHFE,0_0_      673033,      966729,空,开,5001.0,1,2022-04-08 22:24:58
417,rb2210,SHFE,0_0_      673033,      966733,空,开,5001.0,2,2022-04-08 22:24:58
418,rb2210,SHFE,0_0_      683613,      966781,多,平今,5000.0,3,2022-04-08 22:24:59
419,rb2210,SHFE,0_0_      692970,      976818,空,平今,5003.0,1,2022-04-08 22:26:26
420,rb2210,SHFE,0_0_      692970,      976819,空,平今,5003.0,2,2022-04-08 22:26:26
421,rb2210,SHFE,0_0_      692970,      976824,空,平今,5003.0,1,2022-04-08 22:26:26
422,rb2210,SHFE,0_0_      713786,     1003260,多,开,5002.0,2,2022-04-08 22:30:17
423,rb2210,SHFE,0_0_      684209,     1004893,多,平今,5000.0,1,2022-04-08 22:30:26
424,rb2210,SHFE,0_0_      716496,     1006640,空,平今,5003.0,2,2022-04-08 22:30:38
425,rb2210,SHFE,0_0_      719247,     1007449,多,开,5002.0,1,2022-04-08 22:30:44
426,rb2210,SHFE,0_0_      719247,     1007471,多,开,5002.0,1,2022-04-08 22:30:44
427,rb2210,SHFE,0_0_      719247,     1007592,多,开,5002.0,1,2022-04-08 22:30:45
428,rb2210,SHFE,0_0_      719247,     1007854,多,开,5002.0,2,2022-04-08 22:30:47
429,rb2210,SHFE,0_0_      719247,     1007943,多,开,5002.0,1,2022-04-08 22:30:47
430,rb2210,SHFE,0_0_      720368,     1009301,空,平今,5003.0,1,2022-04-08 22:31:00
431,rb2210,SHFE,0_0_      723059,     1010510,空,平今,5003.0,2,2022-04-08 22:31:08
432,rb2210,SHFE,0_0_      721826,     1010904,多,平今,5002.0,1,2022-04-08 22:31:11
433,rb2210,SHFE,0_0_      724226,     1012339,空,平今,5003.0,1,2022-04-08 22:31:21
434,rb2210,SHFE,0_0_      725792,     1013458,多,开,5002.0,1,2022-04-08 22:31:32
435,rb2210,SHFE,0_0_      726900,     1014107,空,平今,5003.0,1,2022-04-08 22:31:41
436,rb2210,SHFE,0_0_      726905,     1014387,空,平今,5003.0,1,2022-04-08 22:31:44
437,rb2210,SHFE,0_0_      726905,     1014394,空,平今,5003.0,1,2022-04-08 22:31:44
438,rb2210,SHFE,0_0_      752128,     1039938,多,开,4995.0,4,2022-04-08 22:35:04
439,rb2210,SHFE,0_0_      758133,     1046285,多,开,4996.0,1,2022-04-08 22:35:57
440,rb2210,SHFE,0_0_      758622,     1046353,空,平今,4997.0,1,2022-04-08 22:35:58
441,rb2210,SHFE,0_0_      758684,     1047554,多,开,4996.0,1,2022-04-08 22:36:10
442,rb2210,SHFE,0_0_      771995,     1059071,空,平今,4993.0,1,2022-04-08 22:37:42
443,rb2210,SHFE,0_0_      772496,     1059470,多,开,4992.0,1,2022-04-08 22:37:47
444,rb2210,SHFE,0_0_      760438,     1062059,空,平今,4997.0,1,2022-04-08 22:38:16
445,rb2210,SHFE,0_0_      775494,     1062065,多,开,4996.0,1,2022-04-08 22:38:17
446,rb2210,SHFE,0_0_      786504,     1072848,空,平今,4988.000000000001,5,2022-04-08 22:40:08
447,rb2210,SHFE,0_0_      787048,     1074704,多,开,4985.000000000001,1,2022-04-08 22:40:12
448,rb2210,SHFE,0_0_      790570,     1079419,空,开,4989.0,1,2022-04-08 22:40:47
449,rb2210,SHFE,0_0_      790570,     1079481,空,开,4989.0,1,2022-04-08 22:40:47
450,rb2210,SHFE,0_0_      790570,     1079543,空,开,4989.0,1,2022-04-08 22:40:48
451,rb2210,SHFE,0_0_      791295,     1079961,多,平今,4988.0,1,2022-04-08 22:40:51
452,rb2210,SHFE,0_0_      791415,     1080707,空,平今,4989.0,1,2022-04-08 22:40:58
453,rb2210,SHFE,0_0_      791804,     1084462,多,平今,4988.0,1,2022-04-08 22:41:32
454,rb2210,SHFE,0_0_      795539,     1084912,空,开,4989.0,1,2022-04-08 22:41:35
455,rb2210,SHFE,0_0_      796038,     1085165,多,平今,4988.0,1,2022-04-08 22:41:37
456,rb2210,SHFE,0_0_      787151,     1086325,多,开,4986.0,1,2022-04-08 22:41:50
457,rb2210,SHFE,0_0_      787151,     1086328,多,开,4986.0,1,2022-04-08 22:41:50
458,rb2210,SHFE,0_0_      787151,     1086338,多,开,4986.0,1,2022-04-08 22:41:50
459,rb2210,SHFE,0_0_      799075,     1088673,空,平今,4985.0,3,2022-04-08 22:42:06
460,rb2210,SHFE,0_0_      804393,     1095417,空,开,4982.0,1,2022-04-08 22:43:28
461,rb2210,SHFE,0_0_      805866,     1098854,多,平今,4979.0,2,2022-04-08 22:43:50
462,rb2210,SHFE,0_0_      806234,     1099109,多,开,4979.0,2,2022-04-08 22:43:52
463,rb2210,SHFE,0_0_      806977,     1100195,空,开,4978.0,4,2022-04-08 22:44:01
464,rb2210,SHFE,0_0_      806977,     1100196,空,开,4978.0,1,2022-04-08 22:44:01
465,rb2210,SHFE,0_0_      806977,     1100197,空,开,4978.0,1,2022-04-08 22:44:01
466,rb2210,SHFE,0_0_      806977,     1100215,空,开,4978.0,1,2022-04-08 22:44:01
467,rb2210,SHFE,0_0_      806977,     1100217,空,开,4978.0,1,2022-04-08 22:44:01
468,rb2210,SHFE,0_0_      809212,     1104184,多,平今,4977.0,4,2022-04-08 22:44:12
469,rb2210,SHFE,0_0_      809671,     1104557,多,平今,4978.0,1,2022-04-08 22:44:14
470,rb2210,SHFE,0_0_      810602,     1105470,空,平今,4978.0,1,2022-04-08 22:44:18
471,rb2210,SHFE,0_0_      810648,     1105570,多,平今,4977.0,1,2022-04-08 22:44:19
472,rb2210,SHFE,0_0_      810736,     1105933,空,平今,4978.0,1,2022-04-08 22:44:22
473,rb2210,SHFE,0_0_      811134,     1106051,多,平今,4977.0,1,2022-04-08 22:44:24
474,rb2210,SHFE,0_0_      811272,     1106675,空,开,4978.0,1,2022-04-08 22:44:27
475,rb2210,SHFE,0_0_      811565,     1107299,多,开,4977.0,4,2022-04-08 22:44:34
476,rb2210,SHFE,0_0_      812177,     1107312,空,平今,4978.0,3,2022-04-08 22:44:34
477,rb2210,SHFE,0_0_      812177,     1107313,空,平今,4978.0,1,2022-04-08 22:44:34
478,rb2210,SHFE,0_0_      813430,     1108831,多,平今,4980.0,1,2022-04-08 22:44:51
479,rb2210,SHFE,0_0_      813664,     1109027,多,平今,4980.0,1,2022-04-08 22:44:53
480,rb2210,SHFE,0_0_      813667,     1109257,空,开,4981.0,1,2022-04-08 22:44:55
481,rb2210,SHFE,0_0_      813817,     1109279,多,平今,4980.0,1,2022-04-08 22:44:55
482,rb2210,SHFE,0_0_      822375,     1118755,多,开,4988.0,3,2022-04-08 22:45:57
483,rb2210,SHFE,0_0_      824752,     1123059,空,平今,4990.0,2,2022-04-08 22:46:26
484,rb2210,SHFE,0_0_      828656,     1126525,空,开,4987.0,7,2022-04-08 22:47:01
485,rb2210,SHFE,0_0_      828656,     1126570,空,开,4987.0,1,2022-04-08 22:47:01
486,rb2210,SHFE,0_0_      832486,     1131045,多,平今,4988.0,2,2022-04-08 22:47:34
487,rb2210,SHFE,0_0_      834096,     1132519,多,平今,4988.0,2,2022-04-08 22:47:39
488,rb2210,SHFE,0_0_      834839,     1133162,多,平今,4989.0,1,2022-04-08 22:47:46
489,rb2210,SHFE,0_0_      834839,     1133170,多,平今,4989.0,1,2022-04-08 22:47:46
490,rb2210,SHFE,0_0_      834839,     1133173,多,平今,4989.0,1,2022-04-08 22:47:46
491,rb2210,SHFE,0_0_      834839,     1133188,多,平今,4989.0,1,2022-04-08 22:47:46
492,rb2210,SHFE,0_0_      835122,     1133467,空,平今,4989.0,1,2022-04-08 22:47:48
493,rb2210,SHFE,0_0_      820141,     1136860,多,开,4983.0,4,2022-04-08 22:48:14
494,rb2210,SHFE,0_0_      843786,     1142464,空,开,4981.0,2,2022-04-08 22:48:49
495,rb2210,SHFE,0_0_      843786,     1142465,空,开,4981.0,2,2022-04-08 22:48:49
496,rb2210,SHFE,0_0_      843786,     1142466,空,开,4981.0,4,2022-04-08 22:48:49
497,rb2210,SHFE,0_0_      844280,     1143584,多,平今,4977.0,2,2022-04-08 22:48:56
498,rb2210,SHFE,0_0_      844618,     1143646,空,平今,4978.0,1,2022-04-08 22:48:56
499,rb2210,SHFE,0_0_      844618,     1143653,空,平今,4978.0,1,2022-04-08 22:48:56
500,rb2210,SHFE,0_0_      845220,     1144529,空,开,4977.0,1,2022-04-08 22:49:00
501,rb2210,SHFE,0_0_      845283,     1144592,空,开,4977.0,1,2022-04-08 22:49:01
502,rb2210,SHFE,0_0_      853449,     1154263,多,平今,4977.0,7,2022-04-08 22:50:08
503,rb2210,SHFE,0_0_      852638,     1156461,多,平今,4974.0,1,2022-04-08 22:50:22
504,rb2210,SHFE,0_0_      856536,     1158235,多,开,4973.0,3,2022-04-08 22:50:32
505,rb2210,SHFE,0_0_      856877,     1158945,多,开,4973.0,2,2022-04-08 22:50:37
506,rb2210,SHFE,0_0_      857087,     1159212,空,平今,4974.0,1,2022-04-08 22:50:40
507,rb2210,SHFE,0_0_      857087,     1159232,空,平今,4974.0,1,2022-04-08 22:50:40
508,rb2210,SHFE,0_0_      857087,     1159246,空,平今,4974.0,4,2022-04-08 22:50:40
509,rb2210,SHFE,0_0_      857694,     1159737,多,开,4973.0,2,2022-04-08 22:50:45
510,rb2210,SHFE,0_0_      857773,     1159885,多,开,4972.0,4,2022-04-08 22:50:46
511,rb2210,SHFE,0_0_      857782,     1159980,空,平今,4973.0,4,2022-04-08 22:50:46
512,rb2210,SHFE,0_0_      855724,     1160341,空,开,4975.0,1,2022-04-08 22:50:50
513,rb2210,SHFE,0_0_      855724,     1160344,空,开,4975.0,1,2022-04-08 22:50:50
514,rb2210,SHFE,0_0_      855724,     1160346,空,开,4975.0,1,2022-04-08 22:50:50
515,rb2210,SHFE,0_0_      855724,     1160370,空,开,4975.0,1,2022-04-08 22:50:51
516,rb2210,SHFE,0_0_      860118,     1162384,多,平今,4975.0,1,2022-04-08 22:51:08
517,rb2210,SHFE,0_0_      868697,     1170465,空,开,4978.0,5,2022-04-08 22:52:18
518,rb2210,SHFE,0_0_      868941,     1170590,多,平今,4978.0,4,2022-04-08 22:52:19
519,rb2210,SHFE,0_0_      869164,     1170689,空,开,4979.0,4,2022-04-08 22:52:20
520,rb2210,SHFE,0_0_      869335,     1170693,多,平今,4978.0,1,2022-04-08 22:52:20
521,rb2210,SHFE,0_0_      869335,     1170699,多,平今,4978.0,3,2022-04-08 22:52:20
522,rb2210,SHFE,0_0_      869350,     1170749,空,开,4979.0,4,2022-04-08 22:52:21
523,rb2210,SHFE,0_0_      869401,     1170808,多,平今,4978.0,4,2022-04-08 22:52:21
524,rb2210,SHFE,0_0_      869452,     1170932,空,开,4979.0,4,2022-04-08 22:52:22
525,rb2210,SHFE,0_0_      871106,     1172174,多,平今,4977.0,8,2022-04-08 22:52:36
526,rb2210,SHFE,0_0_      857831,     1174843,多,开,4972.0,1,2022-04-08 22:53:02
527,rb2210,SHFE,0_0_      857831,     1174844,多,开,4972.0,3,2022-04-08 22:53:02
528,rb2210,SHFE,0_0_      875128,     1175002,空,平今,4972.0,2,2022-04-08 22:53:03
529,rb2210,SHFE,0_0_      878845,     1181592,空,开,4968.0,1,2022-04-08 22:53:28
530,rb2210,SHFE,0_0_      878845,     1181596,空,开,4968.0,1,2022-04-08 22:53:28
531,rb2210,SHFE,0_0_      878845,     1181598,空,开,4968.0,2,2022-04-08 22:53:28
532,rb2210,SHFE,0_0_      884342,     1188133,空,平今,4966.0,2,2022-04-08 22:54:00
533,rb2210,SHFE,0_0_      886227,     1194187,多,平今,4963.0,1,2022-04-08 22:54:33
534,rb2210,SHFE,0_0_      888966,     1194544,空,平今,4964.0,1,2022-04-08 22:54:34
535,rb2210,SHFE,0_0_      889159,     1195143,多,平今,4963.0,1,2022-04-08 22:54:38
536,rb2210,SHFE,0_0_      891360,     1198956,多,开,4961.0,1,2022-04-08 22:54:53
537,rb2210,SHFE,0_0_      891360,     1198972,多,开,4961.0,2,2022-04-08 22:54:54
538,rb2210,SHFE,0_0_      896237,     1205976,空,平今,4967.0,4,2022-04-08 22:55:23
539,rb2210,SHFE,0_0_      900940,     1214889,空,平今,4958.0,1,2022-04-08 22:56:05
540,rb2210,SHFE,0_0_      901571,     1214947,多,平今,4957.0,1,2022-04-08 22:56:05
541,rb2210,SHFE,0_0_      902930,     1217292,多,开,4962.0,8,2022-04-08 22:56:19
542,rb2210,SHFE,0_0_      903641,     1217928,空,平今,4962.0,2,2022-04-08 22:56:23
543,rb2210,SHFE,0_0_      907699,     1222809,空,开,4952.0,5,2022-04-08 22:56:49
544,rb2210,SHFE,0_0_      907699,     1222822,空,开,4952.0,1,2022-04-08 22:56:49
545,rb2210,SHFE,0_0_      907699,     1222846,空,开,4952.0,1,2022-04-08 22:56:49
546,rb2210,SHFE,0_0_      907836,     1224529,空,平今,4952.0,1,2022-04-08 22:56:50
547,rb2210,SHFE,0_0_      907836,     1224535,空,平今,4952.0,1,2022-04-08 22:56:50
548,rb2210,SHFE,0_0_      907836,     1224541,空,平今,4952.0,3,2022-04-08 22:56:50
549,rb2210,SHFE,0_0_      907992,     1224844,多,平今,4952.0,4,2022-04-08 22:56:51
550,rb2210,SHFE,0_0_      911378,     1230280,多,平今,4955.0,2,2022-04-08 22:57:17
551,rb2210,SHFE,0_0_      913516,     1233637,多,开,4958.0,2,2022-04-08 22:57:31
552,rb2210,SHFE,0_0_      913516,     1233646,多,开,4958.0,1,2022-04-08 22:57:31
553,rb2210,SHFE,0_0_      913516,     1233695,多,开,4958.0,1,2022-04-08 22:57:31
554,rb2210,SHFE,0_0_      916627,     1238028,空,平今,4955.0,4,2022-04-08 22:57:57
555,rb2210,SHFE,0_0_      916799,     1238153,多,开,4954.0,2,2022-04-08 22:57:58
556,rb2210,SHFE,0_0_      916799,     1238259,多,开,4954.0,2,2022-04-08 22:57:59
557,rb2210,SHFE,0_0_      917054,     1238270,空,平今,4955.0,2,2022-04-08 22:57:59
558,rb2210,SHFE,0_0_      917057,     1238431,多,平今,4954.0,1,2022-04-08 22:58:00
559,rb2210,SHFE,0_0_      917057,     1238438,多,平今,4954.0,1,2022-04-08 22:58:00
560,rb2210,SHFE,0_0_      917168,     1238548,空,平今,4955.0,2,2022-04-08 22:58:00
561,rb2210,SHFE,0_0_      917239,     1238550,多,开,4954.0,2,2022-04-08 22:58:00
562,rb2210,SHFE,0_0_      917242,     1238667,空,平今,4955.0,2,2022-04-08 22:58:01
563,rb2210,SHFE,0_0_      919710,     1241133,多,开,4955.0,5,2022-04-08 22:58:17
564,rb2210,SHFE,0_0_      921100,     1242362,空,开,4959.0,1,2022-04-08 22:58:24
565,rb2210,SHFE,0_0_      921100,     1242363,空,开,4959.0,1,2022-04-08 22:58:24
566,rb2210,SHFE,0_0_      921100,     1242364,空,开,4959.0,1,2022-04-08 22:58:24
567,rb2210,SHFE,0_0_      921100,     1242365,空,开,4959.0,1,2022-04-08 22:58:24
568,rb2210,SHFE,0_0_      921100,     1242366,空,开,4959.0,1,2022-04-08 22:58:24
569,rb2210,SHFE,0_0_      921100,     1242367,空,开,4959.0,3,2022-04-08 22:58:24
570,rb2210,SHFE,0_0_      921764,     1243303,多,平今,4958.0,1,2022-04-08 22:58:31
571,rb2210,SHFE,0_0_      921764,     1243341,多,平今,4958.0,1,2022-04-08 22:58:31
572,rb2210,SHFE,0_0_      921764,     1243768,多,平今,4958.0,2,2022-04-08 22:58:32
573,rb2210,SHFE,0_0_      922252,     1243835,空,平今,4959.0,2,2022-04-08 22:58:32
574,rb2210,SHFE,0_0_      922346,     1244411,多,平今,4958.0,1,2022-04-08 22:58:35
575,rb2210,SHFE,0_0_      922655,     1244585,空,平今,4959.0,1,2022-04-08 22:58:37
576,rb2210,SHFE,0_0_      922767,     1244738,多,平今,4958.0,3,2022-04-08 22:58:38
577,rb2210,SHFE,0_0_      922870,     1245389,空,平今,4959.0,3,2022-04-08 22:58:42
578,rb2210,SHFE,0_0_      923317,     1245489,多,开,4958.000000000001,4,2022-04-08 22:58:43
579,rb2210,SHFE,0_0_      923385,     1246018,空,平今,4959.0,4,2022-04-08 22:58:47
580,rb2210,SHFE,0_0_     1213679,     1490977,空,开,4927.0,5,2022-04-11 09:00:14
581,rb2210,SHFE,0_0_     1213787,     1493389,多,开,4925.0,2,2022-04-11 09:00:16
582,rb2210,SHFE,0_0_     1213787,     1493400,多,开,4925.0,1,2022-04-11 09:00:16
583,rb2210,SHFE,0_0_     1213787,     1493404,多,开,4925.0,3,2022-04-11 09:00:16
584,rb2210,SHFE,0_0_     1213806,     1493543,空,平今,4925.0,1,2022-04-11 09:00:17
585,rb2210,SHFE,0_0_     1213827,     1494214,多,平今,4924.0,4,2022-04-11 09:00:17
586,rb2210,SHFE,0_0_     1213835,     1495751,空,平今,4926.0,4,2022-04-11 09:00:19
587,rb2210,SHFE,0_0_     1213888,     1495783,多,开,4924.0,4,2022-04-11 09:00:19
588,rb2210,SHFE,0_0_     1214718,     1508989,空,平今,4918.0,4,2022-04-11 09:00:35
589,rb2210,SHFE,0_0_     1214916,     1510721,空,开,4916.0,3,2022-04-11 09:00:37
590,rb2210,SHFE,0_0_     1215128,     1513854,多,开,4919.0,1,2022-04-11 09:00:42
591,rb2210,SHFE,0_0_     1215128,     1513855,多,开,4919.0,1,2022-04-11 09:00:42
592,rb2210,SHFE,0_0_     1215128,     1513856,多,开,4919.0,1,2022-04-11 09:00:42
593,rb2210,SHFE,0_0_     1215128,     1513863,多,开,4919.0,2,2022-04-11 09:00:42
594,rb2210,SHFE,0_0_     1215128,     1513864,多,开,4919.0,2,2022-04-11 09:00:42
595,rb2210,SHFE,0_0_     1215329,     1516884,空,平今,4918.0,2,2022-04-11 09:00:47
596,rb2210,SHFE,0_0_     1215761,     1523743,空,平今,4917.0,3,2022-04-11 09:00:59
597,rb2210,SHFE,0_0_     1216275,     1533065,多,平今,4921.0,2,2022-04-11 09:01:16
598,rb2210,SHFE,0_0_     1217063,     1546864,空,开,4926.0,1,2022-04-11 09:01:44
599,rb2210,SHFE,0_0_     1217063,     1546870,空,开,4926.0,1,2022-04-11 09:01:44
600,rb2210,SHFE,0_0_     1217063,     1546871,空,开,4926.0,2,2022-04-11 09:01:44
601,rb2210,SHFE,0_0_     1217470,     1551612,多,开,4929.0,3,2022-04-11 09:01:57
602,rb2210,SHFE,0_0_     1217574,     1552981,空,平今,4928.0,2,2022-04-11 09:02:00
603,rb2210,SHFE,0_0_     1217585,     1553138,多,开,4927.0,2,2022-04-11 09:02:00
604,rb2210,SHFE,0_0_     1217586,     1553159,空,平今,4928.0,2,2022-04-11 09:02:00
605,rb2210,SHFE,0_0_     1217587,     1553203,多,开,4927.0,2,2022-04-11 09:02:00
606,rb2210,SHFE,0_0_     1217588,     1553284,空,平今,4928.0,1,2022-04-11 09:02:00
607,rb2210,SHFE,0_0_     1217588,     1553289,空,平今,4928.0,1,2022-04-11 09:02:00
608,rb2210,SHFE,0_0_     1217624,     1553870,空,平今,4929.0,1,2022-04-11 09:02:01
609,rb2210,SHFE,0_0_     1217624,     1553871,空,平今,4929.0,1,2022-04-11 09:02:01
610,rb2210,SHFE,0_0_     1217624,     1553872,空,平今,4929.0,2,2022-04-11 09:02:01
611,rb2210,SHFE,0_0_     1217637,     1554456,多,开,4928.0,3,2022-04-11 09:02:02
612,rb2210,SHFE,0_0_     1217665,     1555868,空,平今,4929.0,3,2022-04-11 09:02:06
613,rb2210,SHFE,0_0_     1217769,     1555896,多,开,4928.0,3,2022-04-11 09:02:06
614,rb2210,SHFE,0_0_     1217770,     1556101,空,平今,4929.0,3,2022-04-11 09:02:07
615,rb2210,SHFE,0_0_     1217868,     1557857,多,平今,4927.0,1,2022-04-11 09:02:12
616,rb2210,SHFE,0_0_     1217917,     1558041,多,开,4927.0,2,2022-04-11 09:02:13
617,rb2210,SHFE,0_0_     1218038,     1560183,空,平今,4927.0,2,2022-04-11 09:02:18
618,rb2210,SHFE,0_0_     1218048,     1560353,多,开,4926.0,2,2022-04-11 09:02:18
619,rb2210,SHFE,0_0_     1218064,     1560379,空,平今,4927.0,2,2022-04-11 09:02:18
620,rb2210,SHFE,0_0_     1218065,     1561005,多,开,4926.0,2,2022-04-11 09:02:20
621,rb2210,SHFE,0_0_     1218261,     1563248,多,平今,4925.0,4,2022-04-11 09:02:25
622,rb2210,SHFE,0_0_     1218269,     1564200,空,开,4926.000000000001,2,2022-04-11 09:02:28
623,rb2210,SHFE,0_0_     1218269,     1564202,空,开,4926.000000000001,2,2022-04-11 09:02:28
624,rb2210,SHFE,0_0_     1218349,     1566467,多,平今,4926.0,4,2022-04-11 09:02:35
625,rb2210,SHFE,0_0_     1220983,     1586127,空,开,4922.0,1,2022-04-11 09:03:22
626,rb2210,SHFE,0_0_     1220983,     1586131,空,开,4922.0,2,2022-04-11 09:03:22
627,rb2210,SHFE,0_0_     1222155,     1592721,多,平今,4921.0,4,2022-04-11 09:03:37
628,rb2210,SHFE,0_0_     1222763,     1596481,空,开,4920.0,4,2022-04-11 09:03:45
629,rb2210,SHFE,0_0_     1222825,     1596570,空,平今,4920.0,1,2022-04-11 09:03:46
630,rb2210,SHFE,0_0_     1223017,     1597385,多,平今,4920.0,3,2022-04-11 09:03:48
631,rb2210,SHFE,0_0_     1223039,     1597628,空,开,4921.0,1,2022-04-11 09:03:49
632,rb2210,SHFE,0_0_     1223039,     1597647,空,开,4921.0,1,2022-04-11 09:03:49
633,rb2210,SHFE,0_0_     1223039,     1597648,空,开,4921.0,1,2022-04-11 09:03:49
634,rb2210,SHFE,0_0_     1223076,     1597742,多,平今,4920.0,3,2022-04-11 09:03:49
635,rb2210,SHFE,0_0_     1223081,     1598236,空,开,4921.0,3,2022-04-11 09:03:51
636,rb2210,SHFE,0_0_     1223180,     1598407,多,平今,4920.0,2,2022-04-11 09:03:51
637,rb2210,SHFE,0_0_     1223217,     1598413,空,开,4921.0,1,2022-04-11 09:03:51
638,rb2210,SHFE,0_0_     1223217,     1598414,空,开,4921.0,1,2022-04-11 09:03:51
639,rb2210,SHFE,0_0_     1222223,     1598469,空,开,4922.0,4,2022-04-11 09:03:52
640,rb2210,SHFE,0_0_     1223260,     1598710,多,平今,4922.000000000001,4,2022-04-11 09:03:52
641,rb2210,SHFE,0_0_     1223218,     1601080,多,平今,4920.0,3,2022-04-11 09:03:59
642,rb2210,SHFE,0_0_     1223606,     1601112,空,开,4921.0,2,2022-04-11 09:03:59
643,rb2210,SHFE,0_0_     1223606,     1601114,空,开,4921.0,1,2022-04-11 09:03:59
644,rb2210,SHFE,0_0_     1224303,     1611578,多,平今,4911.0,2,2022-04-11 09:04:13
645,rb2210,SHFE,0_0_     1224303,     1611586,多,平今,4911.0,1,2022-04-11 09:04:13
646,rb2210,SHFE,0_0_     1226646,     1620319,多,开,4917.0,3,2022-04-11 09:04:37
647,rb2210,SHFE,0_0_     1225022,     1621541,多,开,4914.0,4,2022-04-11 09:04:40
648,rb2210,SHFE,0_0_     1226958,     1621651,空,平今,4915.0,1,2022-04-11 09:04:41
649,rb2210,SHFE,0_0_     1226958,     1621652,空,平今,4915.0,1,2022-04-11 09:04:41
650,rb2210,SHFE,0_0_     1226958,     1621686,空,平今,4915.0,1,2022-04-11 09:04:41
651,rb2210,SHFE,0_0_     1226958,     1621696,空,平今,4915.0,1,2022-04-11 09:04:41
652,rb2210,SHFE,0_0_     1226963,     1622050,多,开,4914.0,4,2022-04-11 09:04:42
653,rb2210,SHFE,0_0_     1227116,     1622143,空,平今,4915.0,3,2022-04-11 09:04:43
654,rb2210,SHFE,0_0_     1227116,     1622160,空,平今,4915.0,1,2022-04-11 09:04:43
655,rb2210,SHFE,0_0_     1227201,     1622222,多,开,4914.0,4,2022-04-11 09:04:43
656,rb2210,SHFE,0_0_     1227215,     1622245,空,平今,4915.0,1,2022-04-11 09:04:43
657,rb2210,SHFE,0_0_     1227215,     1622247,空,平今,4915.0,3,2022-04-11 09:04:43
658,rb2210,SHFE,0_0_     1227221,     1622249,多,开,4914.0,4,2022-04-11 09:04:43
659,rb2210,SHFE,0_0_     1227222,     1622313,空,平今,4915.0,3,2022-04-11 09:04:43
660,rb2210,SHFE,0_0_     1227222,     1622320,空,平今,4915.0,1,2022-04-11 09:04:43
661,rb2210,SHFE,0_0_     1227223,     1622358,多,开,4914.0,4,2022-04-11 09:04:43
662,rb2210,SHFE,0_0_     1227406,     1623551,空,平今,4914.0,4,2022-04-11 09:04:47
663,rb2210,SHFE,0_0_     1227690,     1623927,多,开,4913.0,2,2022-04-11 09:04:48
664,rb2210,SHFE,0_0_     1227690,     1623928,多,开,4913.0,2,2022-04-11 09:04:48
665,rb2210,SHFE,0_0_     1227851,     1624136,空,平今,4914.0,4,2022-04-11 09:04:49
666,rb2210,SHFE,0_0_     1227247,     1624157,空,平今,4915.0,1,2022-04-11 09:04:49
667,rb2210,SHFE,0_0_     1227247,     1624173,空,平今,4915.0,3,2022-04-11 09:04:49
668,rb2210,SHFE,0_0_     1227865,     1624214,多,开,4914.0,4,2022-04-11 09:04:50
669,rb2210,SHFE,0_0_     1227900,     1624407,空,开,4914.0,7,2022-04-11 09:04:50
670,rb2210,SHFE,0_0_     1227916,     1624438,多,平今,4913.0,4,2022-04-11 09:04:50
671,rb2210,SHFE,0_0_     1227916,     1624469,多,平今,4913.0,1,2022-04-11 09:04:51
672,rb2210,SHFE,0_0_     1227916,     1624470,多,平今,4913.0,1,2022-04-11 09:04:51
673,rb2210,SHFE,0_0_     1227916,     1624471,多,平今,4913.0,1,2022-04-11 09:04:51
674,rb2210,SHFE,0_0_     1228006,     1624541,空,平今,4914.0,3,2022-04-11 09:04:51
675,rb2210,SHFE,0_0_     1228026,     1624817,多,开,4913.0,3,2022-04-11 09:04:52
676,rb2210,SHFE,0_0_     1228153,     1624944,空,平今,4914.0,1,2022-04-11 09:04:52
677,rb2210,SHFE,0_0_     1228153,     1624987,空,平今,4914.0,1,2022-04-11 09:04:52
678,rb2210,SHFE,0_0_     1228153,     1624991,空,平今,4914.0,1,2022-04-11 09:04:52
679,rb2210,SHFE,0_0_     1228186,     1625001,多,开,4913.0,3,2022-04-11 09:04:52
680,rb2210,SHFE,0_0_     1228187,     1625542,空,平今,4914.0,3,2022-04-11 09:04:55
681,rb2210,SHFE,0_0_     1228533,     1625549,多,开,4913.0,1,2022-04-11 09:04:55
682,rb2210,SHFE,0_0_     1228533,     1625551,多,开,4913.0,2,2022-04-11 09:04:55
683,rb2210,SHFE,0_0_     1233768,     1639155,空,平今,4905.0,2,2022-04-11 09:05:13
684,rb2210,SHFE,0_0_     1233912,     1639157,多,开,4904.0,1,2022-04-11 09:05:13
685,rb2210,SHFE,0_0_     1233912,     1639179,多,开,4904.0,1,2022-04-11 09:05:14
686,rb2210,SHFE,0_0_     1236152,     1646718,空,平今,4908.0,1,2022-04-11 09:05:28
687,rb2210,SHFE,0_0_     1236332,     1647607,空,开,4908.0,4,2022-04-11 09:05:30
688,rb2210,SHFE,0_0_     1236466,     1648180,多,平今,4909.0,1,2022-04-11 09:05:31
689,rb2210,SHFE,0_0_     1236466,     1648181,多,平今,4909.0,1,2022-04-11 09:05:31
690,rb2210,SHFE,0_0_     1236466,     1648182,多,平今,4909.0,1,2022-04-11 09:05:31
691,rb2210,SHFE,0_0_     1236466,     1648183,多,平今,4909.0,1,2022-04-11 09:05:31
692,rb2210,SHFE,0_0_     1236466,     1648184,多,平今,4909.0,1,2022-04-11 09:05:31
693,rb2210,SHFE,0_0_     1236850,     1649558,空,平今,4910.0,1,2022-04-11 09:05:34
694,rb2210,SHFE,0_0_     1238616,     1657948,多,开,4909.0,2,2022-04-11 09:05:53
695,rb2210,SHFE,0_0_     1239604,     1658245,空,平今,4910.0,2,2022-04-11 09:05:53
696,rb2210,SHFE,0_0_     1239699,     1658390,多,开,4909.0,1,2022-04-11 09:05:54
697,rb2210,SHFE,0_0_     1239699,     1658402,多,开,4909.0,1,2022-04-11 09:05:54
698,rb2210,SHFE,0_0_     1239731,     1658454,空,平今,4910.0,1,2022-04-11 09:05:54
699,rb2210,SHFE,0_0_     1239731,     1658480,空,平今,4910.0,1,2022-04-11 09:05:54
700,rb2210,SHFE,0_0_     1239753,     1658515,多,开,4909.0,2,2022-04-11 09:05:54
701,rb2210,SHFE,0_0_     1239767,     1658790,空,平今,4910.0,2,2022-04-11 09:05:55
702,rb2210,SHFE,0_0_     1239883,     1658902,多,开,4909.0,2,2022-04-11 09:05:55
703,rb2210,SHFE,0_0_     1240161,     1659781,空,平今,4910.0,2,2022-04-11 09:05:58
704,rb2210,SHFE,0_0_     1240330,     1659813,多,开,4909.0,2,2022-04-11 09:05:58
705,rb2210,SHFE,0_0_     1241204,     1663108,空,开,4905.0,1,2022-04-11 09:06:02
706,rb2210,SHFE,0_0_     1241204,     1663139,空,开,4905.0,3,2022-04-11 09:06:02
707,rb2210,SHFE,0_0_     1241444,     1664247,空,开,4904.0,4,2022-04-11 09:06:04
708,rb2210,SHFE,0_0_     1242324,     1667758,多,平今,4905.0,5,2022-04-11 09:06:08
709,rb2210,SHFE,0_0_     1242452,     1667915,空,开,4906.000000000001,4,2022-04-11 09:06:09
710,rb2210,SHFE,0_0_     1242484,     1667957,多,平今,4905.0,4,2022-04-11 09:06:09
711,rb2210,SHFE,0_0_     1242487,     1669476,空,开,4906.0,4,2022-04-11 09:06:12
712,rb2210,SHFE,0_0_     1242863,     1669685,多,平今,4905.0,1,2022-04-11 09:06:12
713,rb2210,SHFE,0_0_     1242863,     1669743,多,平今,4905.0,1,2022-04-11 09:06:13
714,rb2210,SHFE,0_0_     1242863,     1669744,多,平今,4905.0,2,2022-04-11 09:06:13
715,rb2210,SHFE,0_0_     1242968,     1669938,空,开,4906.0,1,2022-04-11 09:06:13
716,rb2210,SHFE,0_0_     1242968,     1669939,空,开,4906.0,2,2022-04-11 09:06:13
717,rb2210,SHFE,0_0_     1243044,     1670176,多,平今,4905.0,3,2022-04-11 09:06:14
718,rb2210,SHFE,0_0_     1243174,     1670213,空,开,4906.0,3,2022-04-11 09:06:14
719,rb2210,SHFE,0_0_     1243179,     1670404,多,平今,4905.0,1,2022-04-11 09:06:14
720,rb2210,SHFE,0_0_     1243179,     1670427,多,平今,4905.0,1,2022-04-11 09:06:14
721,rb2210,SHFE,0_0_     1243179,     1670428,多,平今,4905.0,1,2022-04-11 09:06:14
722,rb2210,SHFE,0_0_     1243279,     1670981,多,开,4906.0,1,2022-04-11 09:06:16
723,rb2210,SHFE,0_0_     1243279,     1671000,多,开,4906.0,2,2022-04-11 09:06:16
724,rb2210,SHFE,0_0_     1243279,     1671001,多,开,4906.0,1,2022-04-11 09:06:16
725,rb2210,SHFE,0_0_     1243521,     1671012,空,平今,4907.0,4,2022-04-11 09:06:16
726,rb2210,SHFE,0_0_     1243528,     1676200,多,开,4906.0,4,2022-04-11 09:06:28
727,rb2210,SHFE,0_0_     1245239,     1676501,空,平今,4907.0,5,2022-04-11 09:06:28
728,rb2210,SHFE,0_0_     1245239,     1676557,空,平今,4907.0,1,2022-04-11 09:06:28
729,rb2210,SHFE,0_0_     1245644,     1677329,空,开,4905.0,3,2022-04-11 09:06:30
730,rb2210,SHFE,0_0_     1245779,     1677504,多,平今,4904.0,3,2022-04-11 09:06:31
731,rb2210,SHFE,0_0_     1245827,     1677730,空,开,4905.0,3,2022-04-11 09:06:31
732,rb2210,SHFE,0_0_     1245892,     1677876,多,平今,4904.0,1,2022-04-11 09:06:32
733,rb2210,SHFE,0_0_     1245892,     1677877,多,平今,4904.0,1,2022-04-11 09:06:32
734,rb2210,SHFE,0_0_     1245892,     1677890,多,平今,4904.0,1,2022-04-11 09:06:32
735,rb2210,SHFE,0_0_     1245942,     1678239,多,开,4904.0,4,2022-04-11 09:06:32
736,rb2210,SHFE,0_0_     1245970,     1679101,空,平今,4905.0,2,2022-04-11 09:06:35
737,rb2210,SHFE,0_0_     1245970,     1679102,空,平今,4905.0,2,2022-04-11 09:06:35
738,rb2210,SHFE,0_0_     1246308,     1679165,多,开,4904.0,4,2022-04-11 09:06:35
739,rb2210,SHFE,0_0_     1246374,     1679642,空,平今,4905.0,4,2022-04-11 09:06:36
740,rb2210,SHFE,0_0_     1246480,     1679649,空,平今,4905.0,1,2022-04-11 09:06:36
741,rb2210,SHFE,0_0_     1246514,     1682206,多,开,4904.0,5,2022-04-11 09:06:44
742,rb2210,SHFE,0_0_     1247309,     1682264,空,平今,4905.0,2,2022-04-11 09:06:44
743,rb2210,SHFE,0_0_     1247309,     1682266,空,平今,4905.0,1,2022-04-11 09:06:44
744,rb2210,SHFE,0_0_     1247309,     1682268,空,平今,4905.0,2,2022-04-11 09:06:44
745,rb2210,SHFE,0_0_     1247320,     1682501,多,平今,4904.0,3,2022-04-11 09:06:44
746,rb2210,SHFE,0_0_     1247459,     1682546,多,开,4904.0,4,2022-04-11 09:06:45
747,rb2210,SHFE,0_0_     1247459,     1682547,多,开,4904.0,1,2022-04-11 09:06:45
748,rb2210,SHFE,0_0_     1247459,     1682590,多,开,4904.0,2,2022-04-11 09:06:45
749,rb2210,SHFE,0_0_     1247457,     1682962,空,开,4905.0,3,2022-04-11 09:06:45
750,rb2210,SHFE,0_0_     1247614,     1683289,空,平今,4905.0,3,2022-04-11 09:06:46
751,rb2210,SHFE,0_0_     1247614,     1683310,空,平今,4905.0,1,2022-04-11 09:06:46
752,rb2210,SHFE,0_0_     1247711,     1683679,多,平今,4904.000000000001,3,2022-04-11 09:06:48
753,rb2210,SHFE,0_0_     1247809,     1683922,空,平今,4905.0,3,2022-04-11 09:06:48
754,rb2210,SHFE,0_0_     1247862,     1683980,多,开,4904.0,3,2022-04-11 09:06:48
755,rb2210,SHFE,0_0_     1248037,     1684763,空,开,4904.0,2,2022-04-11 09:06:50
756,rb2210,SHFE,0_0_     1248442,     1686288,空,平今,4904.0,1,2022-04-11 09:06:53
757,rb2210,SHFE,0_0_     1248955,     1687393,空,开,4903.0,1,2022-04-11 09:06:57
758,rb2210,SHFE,0_0_     1248993,     1687899,多,平今,4902.0,1,2022-04-11 09:06:58
759,rb2210,SHFE,0_0_     1249237,     1687948,空,开,4903.0,1,2022-04-11 09:06:58
760,rb2210,SHFE,0_0_     1249237,     1687953,空,开,4903.0,1,2022-04-11 09:06:58
761,rb2210,SHFE,0_0_     1249237,     1687958,空,开,4903.0,1,2022-04-11 09:06:58
762,rb2210,SHFE,0_0_     1249237,     1687977,空,开,4903.0,1,2022-04-11 09:06:58
763,rb2210,SHFE,0_0_     1249237,     1688002,空,开,4903.0,2,2022-04-11 09:06:59
764,rb2210,SHFE,0_0_     1249299,     1688111,多,平今,4902.0,1,2022-04-11 09:06:59
765,rb2210,SHFE,0_0_     1249367,     1688247,多,平今,4902.0,2,2022-04-11 09:06:59
766,rb2210,SHFE,0_0_     1249367,     1688255,多,平今,4902.0,2,2022-04-11 09:06:59
767,rb2210,SHFE,0_0_     1249370,     1692976,空,开,4903.0,2,2022-04-11 09:07:07
768,rb2210,SHFE,0_0_     1249370,     1692995,空,开,4903.0,2,2022-04-11 09:07:07
769,rb2210,SHFE,0_0_     1250442,     1693070,多,平今,4902.0,4,2022-04-11 09:07:07
770,rb2210,SHFE,0_0_     1250493,     1693671,空,开,4903.0,4,2022-04-11 09:07:08
771,rb2210,SHFE,0_0_     1247887,     1696962,空,平今,4905.0,1,2022-04-11 09:07:16
772,rb2210,SHFE,0_0_     1247887,     1696966,空,平今,4905.0,2,2022-04-11 09:07:16
773,rb2210,SHFE,0_0_     1253352,     1699122,多,开,4908.0,6,2022-04-11 09:07:22
774,rb2210,SHFE,0_0_     1255528,     1703723,空,平今,4909.0,1,2022-04-11 09:07:35
775,rb2210,SHFE,0_0_     1258103,     1708726,空,平今,4909.0,1,2022-04-11 09:07:49
776,rb2210,SHFE,0_0_     1258338,     1709172,空,平今,4909.0,2,2022-04-11 09:07:51
777,rb2210,SHFE,0_0_     1258629,     1710618,空,平今,4909.0,1,2022-04-11 09:07:55
778,rb2210,SHFE,0_0_     1259661,     1712439,多,平今,4908.0,1,2022-04-11 09:08:01
779,rb2210,SHFE,0_0_     1259661,     1712473,多,平今,4908.0,1,2022-04-11 09:08:01
780,rb2210,SHFE,0_0_     1259661,     1712474,多,平今,4908.0,1,2022-04-11 09:08:01
781,rb2210,SHFE,0_0_     1259761,     1712503,空,开,4909.0,3,2022-04-11 09:08:01
782,rb2210,SHFE,0_0_     1259795,     1713177,多,平今,4908.0,1,2022-04-11 09:08:03
783,rb2210,SHFE,0_0_     1259795,     1713232,多,平今,4908.0,1,2022-04-11 09:08:03
784,rb2210,SHFE,0_0_     1259795,     1713267,多,平今,4908.0,1,2022-04-11 09:08:03
785,rb2210,SHFE,0_0_     1260393,     1713881,空,开,4908.0,4,2022-04-11 09:08:05
786,rb2210,SHFE,0_0_     1260529,     1713899,多,平今,4907.0,2,2022-04-11 09:08:05
787,rb2210,SHFE,0_0_     1260529,     1713930,多,平今,4907.0,2,2022-04-11 09:08:05
788,rb2210,SHFE,0_0_     1252338,     1714664,多,平今,4904.0,3,2022-04-11 09:08:08
789,rb2210,SHFE,0_0_     1260615,     1721185,空,开,4908.0,2,2022-04-11 09:08:31
790,rb2210,SHFE,0_0_     1264956,     1723146,多,平今,4908.0,2,2022-04-11 09:08:36
791,rb2210,SHFE,0_0_     1265752,     1723367,空,开,4909.0,1,2022-04-11 09:08:36
792,rb2210,SHFE,0_0_     1265752,     1723384,空,开,4909.0,1,2022-04-11 09:08:36
793,rb2210,SHFE,0_0_     1265806,     1723863,多,平今,4908.0,2,2022-04-11 09:08:38
794,rb2210,SHFE,0_0_     1262747,     1729241,多,开,4903.0,7,2022-04-11 09:09:00
795,rb2210,SHFE,0_0_     1251396,     1730892,多,平今,4901.0,1,2022-04-11 09:09:03
796,rb2210,SHFE,0_0_     1269908,     1731072,空,开,4902.0,4,2022-04-11 09:09:04
797,rb2210,SHFE,0_0_     1269693,     1731926,空,平今,4903.0,1,2022-04-11 09:09:06
798,rb2210,SHFE,0_0_     1269693,     1731928,空,平今,4903.0,1,2022-04-11 09:09:06
799,rb2210,SHFE,0_0_     1269693,     1731948,空,平今,4903.0,1,2022-04-11 09:09:06
800,rb2210,SHFE,0_0_     1269693,     1731949,空,平今,4903.0,1,2022-04-11 09:09:06
801,rb2210,SHFE,0_0_     1269693,     1731950,空,平今,4903.0,1,2022-04-11 09:09:06
802,rb2210,SHFE,0_0_     1269693,     1731958,空,平今,4903.0,1,2022-04-11 09:09:06
803,rb2210,SHFE,0_0_     1269693,     1731962,空,平今,4903.0,2,2022-04-11 09:09:06
804,rb2210,SHFE,0_0_     1270320,     1732206,多,开,4903.0,4,2022-04-11 09:09:06
805,rb2210,SHFE,0_0_     1268434,     1736309,空,开,4908.0,4,2022-04-11 09:09:23
806,rb2210,SHFE,0_0_     1272708,     1736511,多,平今,4907.0,4,2022-04-11 09:09:24
807,rb2210,SHFE,0_0_     1273404,     1738004,空,平今,4907.0,4,2022-04-11 09:09:29
808,rb2210,SHFE,0_0_     1273878,     1739008,空,开,4906.0,1,2022-04-11 09:09:32
809,rb2210,SHFE,0_0_     1273978,     1739275,多,开,4905.0,8,2022-04-11 09:09:34
810,rb2210,SHFE,0_0_     1274173,     1739669,空,平今,4906.0,1,2022-04-11 09:09:35
811,rb2210,SHFE,0_0_     1274409,     1739794,多,平今,4905.0,1,2022-04-11 09:09:36
812,rb2210,SHFE,0_0_     1274581,     1740548,空,平今,4906.0,1,2022-04-11 09:09:38
813,rb2210,SHFE,0_0_     1274581,     1740549,空,平今,4906.0,1,2022-04-11 09:09:38
814,rb2210,SHFE,0_0_     1274684,     1740568,多,平今,4905.0,2,2022-04-11 09:09:38
815,rb2210,SHFE,0_0_     1274685,     1740675,空,平今,4906.0,1,2022-04-11 09:09:39
816,rb2210,SHFE,0_0_     1274685,     1740676,空,平今,4906.0,1,2022-04-11 09:09:39
817,rb2210,SHFE,0_0_     1274702,     1741066,多,开,4905.0,2,2022-04-11 09:09:40
818,rb2210,SHFE,0_0_     1270235,     1747188,多,平今,4902.0,1,2022-04-11 09:10:01
819,rb2210,SHFE,0_0_     1270235,     1747341,多,平今,4902.0,1,2022-04-11 09:10:01
820,rb2210,SHFE,0_0_     1277976,     1747451,空,开,4904.0,4,2022-04-11 09:10:01
821,rb2210,SHFE,0_0_     1278179,     1747457,多,平今,4903.0,4,2022-04-11 09:10:01
822,rb2210,SHFE,0_0_     1278314,     1747906,空,开,4903.0,2,2022-04-11 09:10:02
823,rb2210,SHFE,0_0_     1278314,     1747908,空,开,4903.0,2,2022-04-11 09:10:02
824,rb2210,SHFE,0_0_     1278182,     1747979,空,开,4904.0,4,2022-04-11 09:10:02
825,rb2210,SHFE,0_0_     1278361,     1747992,多,平今,4903.0,1,2022-04-11 09:10:02
826,rb2210,SHFE,0_0_     1278361,     1747993,多,平今,4903.0,3,2022-04-11 09:10:02
827,rb2210,SHFE,0_0_     1278362,     1748664,空,开,4904.0,4,2022-04-11 09:10:04
828,rb2210,SHFE,0_0_     1280631,     1753459,空,平今,4909.0,1,2022-04-11 09:10:19
829,rb2210,SHFE,0_0_     1281006,     1754050,空,平今,4909.0,2,2022-04-11 09:10:21
830,rb2210,SHFE,0_0_     1281006,     1754059,空,平今,4909.0,1,2022-04-11 09:10:21
831,rb2210,SHFE,0_0_     1281006,     1754061,空,平今,4909.0,1,2022-04-11 09:10:21
832,rb2210,SHFE,0_0_     1281331,     1756064,多,开,4908.0,1,2022-04-11 09:10:28
833,rb2210,SHFE,0_0_     1281331,     1756068,多,开,4908.0,4,2022-04-11 09:10:28
834,rb2210,SHFE,0_0_     1281331,     1756072,多,开,4908.0,3,2022-04-11 09:10:28
835,rb2210,SHFE,0_0_     1282444,     1757537,空,平今,4909.0,8,2022-04-11 09:10:32
836,rb2210,SHFE,0_0_     1283136,     1757592,多,开,4908.0,5,2022-04-11 09:10:32
837,rb2210,SHFE,0_0_     1283136,     1757593,多,开,4908.0,2,2022-04-11 09:10:32
838,rb2210,SHFE,0_0_     1283136,     1757594,多,开,4908.0,1,2022-04-11 09:10:32
839,rb2210,SHFE,0_0_     1278703,     1765781,多,平今,4904.0,2,2022-04-11 09:11:03
840,rb2210,SHFE,0_0_     1278564,     1766062,多,平今,4903.0,2,2022-04-11 09:11:03
841,rb2210,SHFE,0_0_     1278564,     1766084,多,平今,4903.0,1,2022-04-11 09:11:03
842,rb2210,SHFE,0_0_     1278564,     1766723,多,平今,4903.0,1,2022-04-11 09:11:06
843,rb2210,SHFE,0_0_     1288266,     1767669,空,平今,4906.0,4,2022-04-11 09:11:09
844,rb2210,SHFE,0_0_     1289859,     1769034,多,平今,4909.0,1,2022-04-11 09:11:13
845,rb2210,SHFE,0_0_     1293812,     1777009,空,开,4909.0,1,2022-04-11 09:11:38
846,rb2210,SHFE,0_0_     1293812,     1777018,空,开,4909.0,1,2022-04-11 09:11:38
847,rb2210,SHFE,0_0_     1293812,     1777026,空,开,4909.0,1,2022-04-11 09:11:38
848,rb2210,SHFE,0_0_     1293812,     1777027,空,开,4909.0,1,2022-04-11 09:11:38
849,rb2210,SHFE,0_0_     1293812,     1777140,空,开,4909.0,2,2022-04-11 09:11:38
850,rb2210,SHFE,0_0_     1293812,     1777183,空,开,4909.0,1,2022-04-11 09:11:38
851,rb2210,SHFE,0_0_     1294574,     1778493,多,平今,4908.0,1,2022-04-11 09:11:42
852,rb2210,SHFE,0_0_     1294574,     1778495,多,平今,4908.0,3,2022-04-11 09:11:42
853,rb2210,SHFE,0_0_     1289426,     1785898,多,开,4905.0,4,2022-04-11 09:12:03
854,rb2210,SHFE,0_0_     1289374,     1786405,多,平今,4904.0,1,2022-04-11 09:12:03
855,rb2210,SHFE,0_0_     1299088,     1787029,空,平今,4905.0,1,2022-04-11 09:12:04
856,rb2210,SHFE,0_0_     1299005,     1787080,空,平今,4906.0,4,2022-04-11 09:12:04
857,rb2210,SHFE,0_0_     1299345,     1787098,多,开,4905.0,4,2022-04-11 09:12:04
858,rb2210,SHFE,0_0_     1299344,     1787105,多,平今,4904.0,1,2022-04-11 09:12:04
859,rb2210,SHFE,0_0_     1299347,     1787172,空,平今,4905.0,1,2022-04-11 09:12:04
860,rb2210,SHFE,0_0_     1299346,     1787175,空,平今,4906.0,4,2022-04-11 09:12:04
861,rb2210,SHFE,0_0_     1299358,     1787178,多,开,4905.0,4,2022-04-11 09:12:04
862,rb2210,SHFE,0_0_     1299360,     1787181,空,平今,4906.0,3,2022-04-11 09:12:04
863,rb2210,SHFE,0_0_     1299357,     1787208,多,平今,4904.0,1,2022-04-11 09:12:04
864,rb2210,SHFE,0_0_     1299367,     1787610,空,开,4905.0,1,2022-04-11 09:12:05
865,rb2210,SHFE,0_0_     1299931,     1788676,空,开,4904.0,1,2022-04-11 09:12:06
866,rb2210,SHFE,0_0_     1299931,     1788681,空,开,4904.0,1,2022-04-11 09:12:06
867,rb2210,SHFE,0_0_     1300068,     1789100,空,开,4904.0,2,2022-04-11 09:12:07
868,rb2210,SHFE,0_0_     1300134,     1789997,多,平今,4903.0,2,2022-04-11 09:12:09
869,rb2210,SHFE,0_0_     1300484,     1790513,空,开,4904.0,1,2022-04-11 09:12:10
870,rb2210,SHFE,0_0_     1300484,     1790537,空,开,4904.0,2,2022-04-11 09:12:10
871,rb2210,SHFE,0_0_     1300484,     1790570,空,开,4904.0,1,2022-04-11 09:12:10
872,rb2210,SHFE,0_0_     1300607,     1790593,多,平今,4903.0,4,2022-04-11 09:12:10
873,rb2210,SHFE,0_0_     1300634,     1791924,空,开,4904.0,4,2022-04-11 09:12:13
874,rb2210,SHFE,0_0_     1299360,     1794629,空,平今,4906.0,1,2022-04-11 09:12:20
875,rb2210,SHFE,0_0_     1299361,     1794639,空,平今,4906.0,2,2022-04-11 09:12:20
876,rb2210,SHFE,0_0_     1302556,     1794777,多,平今,4905.0,1,2022-04-11 09:12:21
877,rb2210,SHFE,0_0_     1302556,     1794790,多,平今,4905.0,1,2022-04-11 09:12:21
878,rb2210,SHFE,0_0_     1302556,     1794799,多,平今,4905.0,1,2022-04-11 09:12:21
879,rb2210,SHFE,0_0_     1302556,     1794813,多,平今,4905.0,1,2022-04-11 09:12:21
880,rb2210,SHFE,0_0_     1303450,     1796338,空,开,4905.0,3,2022-04-11 09:12:26
881,rb2210,SHFE,0_0_     1303696,     1797028,多,平今,4904.0,1,2022-04-11 09:12:29
882,rb2210,SHFE,0_0_     1304059,     1797053,空,开,4905.0,1,2022-04-11 09:12:29
883,rb2210,SHFE,0_0_     1304062,     1797287,多,平今,4904.0,1,2022-04-11 09:12:30
884,rb2210,SHFE,0_0_     1305695,     1800691,多,开,4903.0,4,2022-04-11 09:12:43
885,rb2210,SHFE,0_0_     1305329,     1801268,多,平今,4902.0,3,2022-04-11 09:12:45
886,rb2210,SHFE,0_0_     1307503,     1802485,多,平今,4901.0,1,2022-04-11 09:12:48
887,rb2210,SHFE,0_0_     1308014,     1810962,空,开,4899.0,1,2022-04-11 09:13:11
888,rb2210,SHFE,0_0_     1310974,     1813493,多,开,4896.0,2,2022-04-11 09:13:22
889,rb2210,SHFE,0_0_     1310974,     1813570,多,开,4896.0,1,2022-04-11 09:13:23
890,rb2210,SHFE,0_0_     1314134,     1813697,空,平今,4897.0,1,2022-04-11 09:13:23
891,rb2210,SHFE,0_0_     1314908,     1814931,多,平今,4897.0,1,2022-04-11 09:13:28
892,rb2210,SHFE,0_0_     1314139,     1815189,多,平今,4896.0,1,2022-04-11 09:13:28
893,rb2210,SHFE,0_0_     1315129,     1815871,空,平今,4898.0,2,2022-04-11 09:13:31
894,rb2210,SHFE,0_0_     1317660,     1819077,空,开,4895.0,1,2022-04-11 09:13:44
895,rb2210,SHFE,0_0_     1323667,     1832991,空,平今,4893.0,1,2022-04-11 09:14:24
896,rb2210,SHFE,0_0_     1325524,     1833168,多,开,4892.0,4,2022-04-11 09:14:24
897,rb2210,SHFE,0_0_     1325531,     1833203,空,平今,4893.0,1,2022-04-11 09:14:24
898,rb2210,SHFE,0_0_     1325531,     1833272,空,平今,4893.0,1,2022-04-11 09:14:24
899,rb2210,SHFE,0_0_     1325531,     1833289,空,平今,4893.0,2,2022-04-11 09:14:24
900,rb2210,SHFE,0_0_     1325883,     1834024,多,开,4893.0,4,2022-04-11 09:14:26
901,rb2210,SHFE,0_0_     1325927,     1835806,空,平今,4894.0,3,2022-04-11 09:14:32
902,rb2210,SHFE,0_0_     1327549,     1836075,多,开,4894.0,4,2022-04-11 09:14:33
903,rb2210,SHFE,0_0_     1327756,     1837808,空,平今,4895.0,3,2022-04-11 09:14:41
904,rb2210,SHFE,0_0_     1330664,     1841520,多,平今,4895.0,2,2022-04-11 09:14:51
905,rb2210,SHFE,0_0_     1333237,     1846708,空,平今,4894.0,3,2022-04-11 09:15:01
906,rb2210,SHFE,0_0_     1333305,     1847038,多,开,4893.0,3,2022-04-11 09:15:02
907,rb2210,SHFE,0_0_     1334836,     1850756,空,开,4893.0,4,2022-04-11 09:15:08
908,rb2210,SHFE,0_0_     1333357,     1851004,空,平今,4894.0,3,2022-04-11 09:15:09
909,rb2210,SHFE,0_0_     1335039,     1851346,多,平今,4893.0,3,2022-04-11 09:15:09
910,rb2210,SHFE,0_0_     1335137,     1852017,空,开,4894.0,3,2022-04-11 09:15:10
911,rb2210,SHFE,0_0_     1335388,     1852125,多,平今,4893.0,1,2022-04-11 09:15:10
912,rb2210,SHFE,0_0_     1335884,     1853458,多,平今,4894.0,2,2022-04-11 09:15:13
913,rb2210,SHFE,0_0_     1335884,     1853463,多,平今,4894.0,1,2022-04-11 09:15:13
914,rb2210,SHFE,0_0_     1336835,     1855429,空,平今,4896.0,1,2022-04-11 09:15:20
915,rb2210,SHFE,0_0_     1336835,     1855470,空,平今,4896.0,1,2022-04-11 09:15:20
916,rb2210,SHFE,0_0_     1341610,     1860264,空,开,4890.0,3,2022-04-11 09:15:40
917,rb2210,SHFE,0_0_     1341742,     1860363,多,平今,4890.0,1,2022-04-11 09:15:40
918,rb2210,SHFE,0_0_     1341742,     1860377,多,平今,4890.0,1,2022-04-11 09:15:40
919,rb2210,SHFE,0_0_     1341816,     1860548,多,开,4890.0,3,2022-04-11 09:15:41
920,rb2210,SHFE,0_0_     1346238,     1868021,多,平今,4890.000000000001,1,2022-04-11 09:16:07
921,rb2210,SHFE,0_0_     1346908,     1871290,多,开,4890.0,3,2022-04-11 09:16:18
922,rb2210,SHFE,0_0_     1348920,     1871313,空,平今,4891.000000000001,3,2022-04-11 09:16:18
923,rb2210,SHFE,0_0_     1349038,     1871332,空,开,4891.000000000001,1,2022-04-11 09:16:19
924,rb2210,SHFE,0_0_     1349038,     1871333,空,开,4891.000000000001,2,2022-04-11 09:16:19
925,rb2210,SHFE,0_0_     1349038,     1871337,空,开,4891.000000000001,1,2022-04-11 09:16:19
926,rb2210,SHFE,0_0_     1349168,     1871652,空,平今,4891.0,3,2022-04-11 09:16:20
927,rb2210,SHFE,0_0_     1338586,     1872315,空,开,4893.0,4,2022-04-11 09:16:22
928,rb2210,SHFE,0_0_     1350001,     1872557,多,平今,4892.0,3,2022-04-11 09:16:24
929,rb2210,SHFE,0_0_     1350001,     1872595,多,平今,4892.0,1,2022-04-11 09:16:24
930,rb2210,SHFE,0_0_     1350522,     1873005,多,平今,4892.0,3,2022-04-11 09:16:25
931,rb2210,SHFE,0_0_     1350576,     1873184,空,开,4893.0,1,2022-04-11 09:16:26
932,rb2210,SHFE,0_0_     1351037,     1873754,多,开,4892.0,3,2022-04-11 09:16:29
933,rb2210,SHFE,0_0_     1351037,     1873755,多,开,4892.0,1,2022-04-11 09:16:29
934,rb2210,SHFE,0_0_     1351403,     1873856,空,开,4893.0,1,2022-04-11 09:16:30
935,rb2210,SHFE,0_0_     1351403,     1873857,空,开,4893.0,1,2022-04-11 09:16:30
936,rb2210,SHFE,0_0_     1351403,     1873858,空,开,4893.0,3,2022-04-11 09:16:30
937,rb2210,SHFE,0_0_     1351403,     1873860,空,开,4893.0,1,2022-04-11 09:16:30
938,rb2210,SHFE,0_0_     1354460,     1877272,多,开,4896.0,3,2022-04-11 09:16:48
939,rb2210,SHFE,0_0_     1351555,     1880410,多,平今,4892.0,2,2022-04-11 09:17:02
940,rb2210,SHFE,0_0_     1351555,     1880411,多,平今,4892.0,3,2022-04-11 09:17:02
941,rb2210,SHFE,0_0_     1351555,     1880412,多,平今,4892.0,1,2022-04-11 09:17:02
942,rb2210,SHFE,0_0_     1356709,     1880772,空,平今,4892.0,1,2022-04-11 09:17:03
943,rb2210,SHFE,0_0_     1356709,     1880773,空,平今,4892.0,1,2022-04-11 09:17:03
944,rb2210,SHFE,0_0_     1356683,     1881203,空,开,4893.0,6,2022-04-11 09:17:05
945,rb2210,SHFE,0_0_     1357266,     1881561,多,开,4893.0,2,2022-04-11 09:17:06
946,rb2210,SHFE,0_0_     1354517,     1883507,空,平今,4897.0,3,2022-04-11 09:17:13
947,rb2210,SHFE,0_0_     1358711,     1883706,多,开,4896.0,3,2022-04-11 09:17:13
948,rb2210,SHFE,0_0_     1358767,     1883928,多,平今,4895.0,1,2022-04-11 09:17:14
949,rb2210,SHFE,0_0_     1358746,     1886403,空,平今,4897.0,6,2022-04-11 09:17:29
950,rb2210,SHFE,0_0_     1362109,     1886412,多,开,4896.0,6,2022-04-11 09:17:29
951,rb2210,SHFE,0_0_     1363815,     1888110,多,开,4894.0,1,2022-04-11 09:17:39
952,rb2210,SHFE,0_0_     1366702,     1891322,空,平今,4895.0,2,2022-04-11 09:17:57
953,rb2210,SHFE,0_0_     1377481,     1907965,空,平今,4904.0,3,2022-04-11 09:18:56
954,rb2210,SHFE,0_0_     1377527,     1909649,多,开,4903.0,1,2022-04-11 09:19:01
955,rb2210,SHFE,0_0_     1377527,     1909868,多,开,4903.0,1,2022-04-11 09:19:02
956,rb2210,SHFE,0_0_     1378256,     1910936,空,平今,4904.0,1,2022-04-11 09:19:04
957,rb2210,SHFE,0_0_     1382854,     1919496,空,平今,4904.0,3,2022-04-11 09:19:32
958,rb2210,SHFE,0_0_     1383471,     1920380,多,开,4905.0,6,2022-04-11 09:19:36
959,rb2210,SHFE,0_0_     1386992,     1925951,空,平今,4905.000000000001,2,2022-04-11 09:20:01
960,rb2210,SHFE,0_0_     1387658,     1926752,多,平今,4907.0,2,2022-04-11 09:20:03
961,rb2210,SHFE,0_0_     1387805,     1926845,空,平今,4908.0,2,2022-04-11 09:20:03
962,rb2210,SHFE,0_0_     1387806,     1926876,多,开,4907.0,1,2022-04-11 09:20:03
963,rb2210,SHFE,0_0_     1387806,     1926877,多,开,4907.0,1,2022-04-11 09:20:03
964,rb2210,SHFE,0_0_     1387810,     1926906,空,平今,4908.0,2,2022-04-11 09:20:03
965,rb2210,SHFE,0_0_     1387840,     1927135,多,开,4907.0,1,2022-04-11 09:20:04
966,rb2210,SHFE,0_0_     1387840,     1927205,多,开,4907.0,1,2022-04-11 09:20:05
967,rb2210,SHFE,0_0_     1388029,     1927425,空,平今,4908.0,3,2022-04-11 09:20:05
968,rb2210,SHFE,0_0_     1388222,     1930207,多,平今,4908.0,1,2022-04-11 09:20:14
969,rb2210,SHFE,0_0_     1388222,     1930284,多,平今,4908.0,1,2022-04-11 09:20:14
970,rb2210,SHFE,0_0_     1389367,     1933012,空,开,4909.0,4,2022-04-11 09:20:23
971,rb2210,SHFE,0_0_     1390835,     1933290,多,平今,4910.0,1,2022-04-11 09:20:24
972,rb2210,SHFE,0_0_     1390954,     1933638,多,开,4910.0,4,2022-04-11 09:20:25
973,rb2210,SHFE,0_0_     1392705,     1936349,多,平今,4911.0,1,2022-04-11 09:20:34
974,rb2210,SHFE,0_0_     1392901,     1936423,空,平今,4912.0,1,2022-04-11 09:20:34
975,rb2210,SHFE,0_0_     1392901,     1936426,空,平今,4912.0,1,2022-04-11 09:20:34
976,rb2210,SHFE,0_0_     1392901,     1936474,空,平今,4912.0,2,2022-04-11 09:20:34
977,rb2210,SHFE,0_0_     1393248,     1937677,多,开,4912.0,1,2022-04-11 09:20:39
978,rb2210,SHFE,0_0_     1393248,     1937680,多,开,4912.0,3,2022-04-11 09:20:39
979,rb2210,SHFE,0_0_     1394796,     1939139,多,平今,4912.0,1,2022-04-11 09:20:45
980,rb2210,SHFE,0_0_     1392973,     1939795,多,开,4911.0,2,2022-04-11 09:20:49
981,rb2210,SHFE,0_0_     1395501,     1939994,空,平今,4912.0,2,2022-04-11 09:20:50
982,rb2210,SHFE,0_0_     1395508,     1939999,空,平今,4912.0,1,2022-04-11 09:20:50
983,rb2210,SHFE,0_0_     1395634,     1940558,多,开,4911.0,3,2022-04-11 09:20:53
984,rb2210,SHFE,0_0_     1396034,     1940674,空,平今,4912.0,7,2022-04-11 09:20:54
985,rb2210,SHFE,0_0_     1396085,     1940682,空,开,4912.0,3,2022-04-11 09:20:54
986,rb2210,SHFE,0_0_     1396121,     1940915,多,平今,4911.0,1,2022-04-11 09:20:55
987,rb2210,SHFE,0_0_     1396121,     1940916,多,平今,4911.0,1,2022-04-11 09:20:55
988,rb2210,SHFE,0_0_     1396393,     1941116,空,开,4911.0,2,2022-04-11 09:20:55
989,rb2210,SHFE,0_0_     1396755,     1941635,多,平今,4910.0,2,2022-04-11 09:20:59
990,rb2210,SHFE,0_0_     1397184,     1941694,多,开,4910.0,1,2022-04-11 09:20:59
991,rb2210,SHFE,0_0_     1397184,     1941719,多,开,4910.0,1,2022-04-11 09:20:59
992,rb2210,SHFE,0_0_     1397263,     1942020,多,平今,4910.0,1,2022-04-11 09:21:00
993,rb2210,SHFE,0_0_     1398576,     1944255,空,开,4910.0,2,2022-04-11 09:21:10
994,rb2210,SHFE,0_0_     1397340,     1944456,空,平今,4911.0,2,2022-04-11 09:21:10
995,rb2210,SHFE,0_0_     1398705,     1944474,多,平今,4910.0,2,2022-04-11 09:21:11
996,rb2210,SHFE,0_0_     1398710,     1944497,多,开,4910.0,1,2022-04-11 09:21:11
997,rb2210,SHFE,0_0_     1398820,     1944944,多,开,4910.0,1,2022-04-11 09:21:12
998,rb2210,SHFE,0_0_     1398995,     1944947,空,平今,4911.0,1,2022-04-11 09:21:12
999,rb2210,SHFE,0_0_     1399258,     1946152,空,平今,4912.0,2,2022-04-11 09:21:17
1000,rb2210,SHFE,0_0_     1399009,     1948258,多,开,4910.0,1,2022-04-11 09:21:25
1001,rb2210,SHFE,0_0_     1400205,     1948289,多,开,4910.0,2,2022-04-11 09:21:25
1002,rb2210,SHFE,0_0_     1401595,     1951356,空,平今,4911.0,2,2022-04-11 09:21:35
1003,rb2210,SHFE,0_0_     1402160,     1954284,多,平今,4910.0,2,2022-04-11 09:21:47
1004,rb2210,SHFE,0_0_     1403735,     1955356,多,开,4910.0,1,2022-04-11 09:21:52
1005,rb2210,SHFE,0_0_     1403735,     1955357,多,开,4910.0,3,2022-04-11 09:21:52
1006,rb2210,SHFE,0_0_     1404216,     1963301,空,平今,4911.0,4,2022-04-11 09:22:24
1007,rb2210,SHFE,0_0_     1409049,     1963720,多,开,4910.0,4,2022-04-11 09:22:27
1008,rb2210,SHFE,0_0_     1409306,     1964413,空,开,4911.0,3,2022-04-11 09:22:33
1009,rb2210,SHFE,0_0_     1410163,     1964587,多,平今,4910.000000000001,3,2022-04-11 09:22:35
1010,rb2210,SHFE,0_0_     1410583,     1965458,空,平今,4909.0,2,2022-04-11 09:22:40
1011,rb2210,SHFE,0_0_     1414766,     1970764,空,开,4909.0,1,2022-04-11 09:23:18
1012,rb2210,SHFE,0_0_     1414766,     1970766,空,开,4909.0,2,2022-04-11 09:23:18
1013,rb2210,SHFE,0_0_     1418001,     1974838,多,平今,4910.0,1,2022-04-11 09:23:40
1014,rb2210,SHFE,0_0_     1414846,     1975342,多,平今,4908.0,3,2022-04-11 09:23:44
1015,rb2210,SHFE,0_0_     1418855,     1975495,空,平今,4907.0,2,2022-04-11 09:23:45
1016,rb2210,SHFE,0_0_     1423628,     1981278,空,平今,4904.0,1,2022-04-11 09:24:17
1017,rb2210,SHFE,0_0_     1420992,     1990056,空,开,4907.0,1,2022-04-11 09:25:00
1018,rb2210,SHFE,0_0_     1420992,     1990200,空,开,4907.0,6,2022-04-11 09:25:00
1019,rb2210,SHFE,0_0_     1429884,     1990427,多,平今,4906.0,1,2022-04-11 09:25:01
1020,rb2210,SHFE,0_0_     1429884,     1990482,多,平今,4906.0,1,2022-04-11 09:25:01
1021,rb2210,SHFE,0_0_     1429884,     1990488,多,平今,4906.0,1,2022-04-11 09:25:01
1022,rb2210,SHFE,0_0_     1429884,     1990491,多,平今,4906.0,1,2022-04-11 09:25:01
1023,rb2210,SHFE,0_0_     1433280,     1994893,多,开,4911.0,4,2022-04-11 09:25:16
1024,rb2210,SHFE,0_0_     1437634,     2000290,多,开,4912.0,4,2022-04-11 09:25:40
1025,rb2210,SHFE,0_0_     1437908,     2000674,空,平今,4913.0,1,2022-04-11 09:25:43
1026,rb2210,SHFE,0_0_     1438133,     2000740,空,平今,4913.0,5,2022-04-11 09:25:44
1027,rb2210,SHFE,0_0_     1438422,     2001318,多,平今,4913.0,2,2022-04-11 09:25:47
1028,rb2210,SHFE,0_0_     1438891,     2002897,多,开,4915.0,2,2022-04-11 09:25:52
1029,rb2210,SHFE,0_0_     1438812,     2004214,多,开,4914.0,3,2022-04-11 09:25:59
1030,rb2210,SHFE,0_0_     1438812,     2004215,多,开,4914.0,1,2022-04-11 09:25:59
1031,rb2210,SHFE,0_0_     1440172,     2004263,空,平今,4915.0,1,2022-04-11 09:25:59
1032,rb2210,SHFE,0_0_     1440172,     2004264,空,平今,4915.0,3,2022-04-11 09:25:59
1033,rb2210,SHFE,0_0_     1440954,     2005853,多,开,4913.0,4,2022-04-11 09:26:06
1034,rb2210,SHFE,0_0_     1443627,     2008446,空,平今,4910.0,5,2022-04-11 09:26:20
1035,rb2210,SHFE,0_0_     1445111,     2010142,空,开,4912.0,6,2022-04-11 09:26:29
1036,rb2210,SHFE,0_0_     1445469,     2010460,多,平今,4911.0,1,2022-04-11 09:26:32
1037,rb2210,SHFE,0_0_     1451938,     2019059,多,平今,4910.0,3,2022-04-11 09:27:17
1038,rb2210,SHFE,0_0_     1451938,     2019060,多,平今,4910.0,1,2022-04-11 09:27:17
1039,rb2210,SHFE,0_0_     1452856,     2019240,多,平今,4911.0,1,2022-04-11 09:27:19
1040,rb2210,SHFE,0_0_     1448120,     2023506,空,平今,4914.0,1,2022-04-11 09:27:58
1041,rb2210,SHFE,0_0_     1448120,     2023527,空,平今,4914.0,1,2022-04-11 09:27:58
1042,rb2210,SHFE,0_0_     1448120,     2023528,空,平今,4914.0,1,2022-04-11 09:27:58
1043,rb2210,SHFE,0_0_     1457167,     2024828,空,开,4913.0,2,2022-04-11 09:28:09
1044,rb2210,SHFE,0_0_     1458050,     2025000,多,平今,4912.0,2,2022-04-11 09:28:11
1045,rb2210,SHFE,0_0_     1460827,     2027093,空,开,4912.0,2,2022-04-11 09:28:29
1046,rb2210,SHFE,0_0_     1460827,     2027123,空,开,4912.0,2,2022-04-11 09:28:30
1047,rb2210,SHFE,0_0_     1461025,     2027202,多,平今,4911.0,2,2022-04-11 09:28:31
1048,rb2210,SHFE,0_0_     1461234,     2027475,空,开,4912.0,2,2022-04-11 09:28:32
1049,rb2210,SHFE,0_0_     1461462,     2027508,多,平今,4911.0,1,2022-04-11 09:28:32
1050,rb2210,SHFE,0_0_     1461462,     2027514,多,平今,4911.0,1,2022-04-11 09:28:32
1051,rb2210,SHFE,0_0_     1461490,     2027648,空,开,4912.0,1,2022-04-11 09:28:33
1052,rb2210,SHFE,0_0_     1461490,     2027672,空,开,4912.0,1,2022-04-11 09:28:33
1053,rb2210,SHFE,0_0_     1462279,     2028621,多,平今,4911.000000000001,1,2022-04-11 09:28:40
1054,rb2210,SHFE,0_0_     1462709,     2029059,空,开,4912.0,1,2022-04-11 09:28:42
1055,rb2210,SHFE,0_0_     1462860,     2030716,多,平今,4911.0,1,2022-04-11 09:28:53
1056,rb2210,SHFE,0_0_     1464188,     2031091,空,开,4912.0,1,2022-04-11 09:28:57
1057,rb2210,SHFE,0_0_     1466711,     2033736,多,开,4909.0,1,2022-04-11 09:29:14
1058,rb2210,SHFE,0_0_     1466711,     2033746,多,开,4909.0,5,2022-04-11 09:29:14
1059,rb2210,SHFE,0_0_     1466711,     2033749,多,开,4909.0,2,2022-04-11 09:29:14
1060,rb2210,SHFE,0_0_     1467396,     2034549,空,平今,4908.0,1,2022-04-11 09:29:18
1061,rb2210,SHFE,0_0_     1475189,     2043815,多,平今,4904.0,2,2022-04-11 09:30:07
1062,rb2210,SHFE,0_0_     1476700,     2045484,空,平今,4906.0,1,2022-04-11 09:30:16
1063,rb2210,SHFE,0_0_     1476700,     2045548,空,平今,4906.0,3,2022-04-11 09:30:16
1064,rb2210,SHFE,0_0_     1490458,     2060172,多,平今,4905.0,2,2022-04-11 09:31:50
1065,rb2210,SHFE,0_0_     1503943,     2074329,空,平今,4904.0,3,2022-04-11 09:33:40
1066,rb2210,SHFE,0_0_     1508042,     2077549,空,开,4905.0,4,2022-04-11 09:34:01
1067,rb2210,SHFE,0_0_     1512012,     2080710,多,平今,4907.0,1,2022-04-11 09:34:25
1068,rb2210,SHFE,0_0_     1512012,     2080711,多,平今,4907.0,1,2022-04-11 09:34:25
1069,rb2210,SHFE,0_0_     1512012,     2080712,多,平今,4907.0,1,2022-04-11 09:34:25
1070,rb2210,SHFE,0_0_     1512012,     2080713,多,平今,4907.0,1,2022-04-11 09:34:25
1071,rb2210,SHFE,0_0_     1512012,     2080714,多,平今,4907.0,1,2022-04-11 09:34:25
1072,rb2210,SHFE,0_0_     1514884,     2085316,多,开,4906.0,3,2022-04-11 09:35:01
1073,rb2210,SHFE,0_0_     1517454,     2087910,空,平今,4906.0,3,2022-04-11 09:35:15
1074,rb2210,SHFE,0_0_     1520197,     2087962,多,开,4905.0,1,2022-04-11 09:35:15
1075,rb2210,SHFE,0_0_     1520197,     2087997,多,开,4905.0,1,2022-04-11 09:35:15
1076,rb2210,SHFE,0_0_     1520197,     2088011,多,开,4905.0,1,2022-04-11 09:35:15
1077,rb2210,SHFE,0_0_     1526785,     2094718,空,开,4901.0,1,2022-04-11 09:35:50
1078,rb2210,SHFE,0_0_     1526785,     2094720,空,开,4901.0,2,2022-04-11 09:35:50
1079,rb2210,SHFE,0_0_     1528311,     2097182,空,开,4899.0,3,2022-04-11 09:36:02
1080,rb2210,SHFE,0_0_     1528311,     2097194,空,开,4899.0,1,2022-04-11 09:36:02
1081,rb2210,SHFE,0_0_     1530289,     2098588,多,平今,4899.0,3,2022-04-11 09:36:11
1082,rb2210,SHFE,0_0_     1538365,     2107337,空,开,4903.0,3,2022-04-11 09:37:11
1083,rb2210,SHFE,0_0_     1551717,     2120495,多,平今,4907.0,2,2022-04-11 09:38:43
1084,rb2210,SHFE,0_0_     1545489,     2127275,多,平今,4902.0,3,2022-04-11 09:39:34
1085,rb2210,SHFE,0_0_     1566326,     2134312,空,平今,4897.0,2,2022-04-11 09:40:12
1086,rb2210,SHFE,0_0_     1566466,     2148157,多,开,4896.0,3,2022-04-11 09:42:05
1087,rb2210,SHFE,0_0_     1566466,     2148161,多,开,4896.0,1,2022-04-11 09:42:05
1088,rb2210,SHFE,0_0_     1581574,     2148546,空,平今,4897.0,1,2022-04-11 09:42:08
1089,rb2210,SHFE,0_0_     1584974,     2152708,空,平今,4897.0,1,2022-04-11 09:42:35
1090,rb2210,SHFE,0_0_     1590518,     2157941,空,平今,4894.0,3,2022-04-11 09:43:08
1091,rb2210,SHFE,0_0_     1590904,     2158817,空,开,4892.0,4,2022-04-11 09:43:11
1092,rb2210,SHFE,0_0_     1592171,     2160150,空,开,4890.0,1,2022-04-11 09:43:17
1093,rb2210,SHFE,0_0_     1592514,     2160763,多,平今,4889.0,4,2022-04-11 09:43:19
1094,rb2210,SHFE,0_0_     1592718,     2161025,多,平今,4889.0,4,2022-04-11 09:43:20
1095,rb2210,SHFE,0_0_     1592786,     2161046,空,开,4890.0,6,2022-04-11 09:43:20
1096,rb2210,SHFE,0_0_     1592852,     2161175,多,平今,4890.0,1,2022-04-11 09:43:21
1097,rb2210,SHFE,0_0_     1592977,     2161764,多,开,4889.0,3,2022-04-11 09:43:24
1098,rb2210,SHFE,0_0_     1592977,     2161765,多,开,4889.0,5,2022-04-11 09:43:24
1099,rb2210,SHFE,0_0_     1593939,     2162304,多,平今,4889.0,1,2022-04-11 09:43:27
1100,rb2210,SHFE,0_0_     1593939,     2162309,多,平今,4889.0,1,2022-04-11 09:43:27
1101,rb2210,SHFE,0_0_     1594297,     2162650,空,平今,4890.0,2,2022-04-11 09:43:29
1102,rb2210,SHFE,0_0_     1594297,     2162656,空,平今,4890.0,2,2022-04-11 09:43:29
1103,rb2210,SHFE,0_0_     1594680,     2164050,多,平今,4890.0,1,2022-04-11 09:43:33
1104,rb2210,SHFE,0_0_     1596590,     2166813,多,开,4887.0,4,2022-04-11 09:43:42
1105,rb2210,SHFE,0_0_     1596656,     2167113,空,平今,4888.0,1,2022-04-11 09:43:44
1106,rb2210,SHFE,0_0_     1597005,     2167438,多,平今,4887.0,2,2022-04-11 09:43:46
1107,rb2210,SHFE,0_0_     1599005,     2169986,空,平今,4890.0,1,2022-04-11 09:44:01
1108,rb2210,SHFE,0_0_     1602670,     2175632,多,开,4894.0,1,2022-04-11 09:44:49
1109,rb2210,SHFE,0_0_     1606462,     2178858,空,开,4894.0,1,2022-04-11 09:45:04
1110,rb2210,SHFE,0_0_     1606462,     2178894,空,开,4894.0,5,2022-04-11 09:45:04
1111,rb2210,SHFE,0_0_     1609626,     2180221,多,平今,4896.0,1,2022-04-11 09:45:07
1112,rb2210,SHFE,0_0_     1611646,     2181920,空,平今,4896.0,3,2022-04-11 09:45:16
1113,rb2210,SHFE,0_0_     1615592,     2185790,空,平今,4898.0,4,2022-04-11 09:45:43
1114,rb2210,SHFE,0_0_     1616816,     2187466,多,平今,4897.000000000001,1,2022-04-11 09:45:55
1115,rb2210,SHFE,0_0_     1617465,     2187704,多,平今,4897.0,4,2022-04-11 09:45:56
1116,rb2210,SHFE,0_0_     1618838,     2189401,多,开,4894.0,3,2022-04-11 09:46:06
1117,rb2210,SHFE,0_0_     1623616,     2194052,空,平今,4897.0,2,2022-04-11 09:46:39
1118,rb2210,SHFE,0_0_     1627414,     2199341,空,开,4898.0,8,2022-04-11 09:47:18
1119,rb2210,SHFE,0_0_     1630251,     2200471,多,平今,4898.0,2,2022-04-11 09:47:29
1120,rb2210,SHFE,0_0_     1636246,     2207061,多,平今,4898.0,1,2022-04-11 09:48:09
1121,rb2210,SHFE,0_0_     1636246,     2207078,多,平今,4898.0,1,2022-04-11 09:48:09
1122,rb2210,SHFE,0_0_     1637593,     2208078,多,平今,4897.000000000001,1,2022-04-11 09:48:18
1123,rb2210,SHFE,0_0_     1657575,     2226812,多,平今,4894.0,2,2022-04-11 09:50:28
1124,rb2210,SHFE,0_0_     1659844,     2229627,多,开,4891.0,3,2022-04-11 09:50:43
1125,rb2210,SHFE,0_0_     1660950,     2231185,多,开,4889.0,2,2022-04-11 09:50:54
1126,rb2210,SHFE,0_0_     1661027,     2231279,空,平今,4890.0,1,2022-04-11 09:50:55
1127,rb2210,SHFE,0_0_     1661027,     2231295,空,平今,4890.0,1,2022-04-11 09:50:55
1128,rb2210,SHFE,0_0_     1661027,     2231301,空,平今,4890.0,2,2022-04-11 09:50:55
1129,rb2210,SHFE,0_0_     1661027,     2231317,空,平今,4890.0,1,2022-04-11 09:50:55
1130,rb2210,SHFE,0_0_     1661127,     2232290,多,开,4889.0,1,2022-04-11 09:51:02
1131,rb2210,SHFE,0_0_     1661127,     2232291,多,开,4889.0,1,2022-04-11 09:51:02
1132,rb2210,SHFE,0_0_     1661127,     2232292,多,开,4889.0,1,2022-04-11 09:51:02
1133,rb2210,SHFE,0_0_     1637652,     2243366,空,平今,4898.0,1,2022-04-11 09:52:13
1134,rb2210,SHFE,0_0_     1675357,     2245654,空,平今,4898.0,1,2022-04-11 09:52:33
1135,rb2210,SHFE,0_0_     1675712,     2246434,多,开,4897.0,2,2022-04-11 09:52:38
1136,rb2210,SHFE,0_0_     1682895,     2251615,空,开,4894.0,5,2022-04-11 09:53:22
1137,rb2210,SHFE,0_0_     1682895,     2251758,空,开,4894.0,1,2022-04-11 09:53:23
1138,rb2210,SHFE,0_0_     1683644,     2251973,多,平今,4893.0,2,2022-04-11 09:53:24
1139,rb2210,SHFE,0_0_     1687347,     2255258,多,平今,4894.0,1,2022-04-11 09:53:54
1140,rb2210,SHFE,0_0_     1688229,     2256505,空,平今,4893.0,1,2022-04-11 09:54:02
1141,rb2210,SHFE,0_0_     1696814,     2263156,多,平今,4897.0,1,2022-04-11 09:55:11
1142,rb2210,SHFE,0_0_     1696814,     2263157,多,平今,4897.0,1,2022-04-11 09:55:11
1143,rb2210,SHFE,0_0_     1696814,     2263158,多,平今,4897.0,2,2022-04-11 09:55:11
1144,rb2210,SHFE,0_0_     1697219,     2264456,空,开,4898.0,4,2022-04-11 09:55:27
1145,rb2210,SHFE,0_0_     1698656,     2266528,多,平今,4897.0,4,2022-04-11 09:55:53
1146,rb2210,SHFE,0_0_     1701767,     2266670,空,开,4898.0,4,2022-04-11 09:55:54
1147,rb2210,SHFE,0_0_     1701850,     2266688,多,平今,4897.0,4,2022-04-11 09:55:55
1148,rb2210,SHFE,0_0_     1705538,     2270377,空,开,4895.0,4,2022-04-11 09:56:27
1149,rb2210,SHFE,0_0_     1705953,     2270623,多,平今,4894.0,4,2022-04-11 09:56:29
1150,rb2210,SHFE,0_0_     1710938,     2274468,空,开,4890.0,1,2022-04-11 09:57:04
1151,rb2210,SHFE,0_0_     1661920,     2274532,多,开,4889.0,1,2022-04-11 09:57:04
1152,rb2210,SHFE,0_0_     1661920,     2274537,多,开,4889.0,1,2022-04-11 09:57:04
1153,rb2210,SHFE,0_0_     1661920,     2274539,多,开,4889.0,1,2022-04-11 09:57:04
1154,rb2210,SHFE,0_0_     1711082,     2275121,空,平今,4890.0,1,2022-04-11 09:57:07
1155,rb2210,SHFE,0_0_     1711435,     2275246,多,开,4889.0,3,2022-04-11 09:57:08
1156,rb2210,SHFE,0_0_     1711502,     2275308,空,平今,4890.0,3,2022-04-11 09:57:09
1157,rb2210,SHFE,0_0_     1711790,     2275455,多,开,4890.0,1,2022-04-11 09:57:10
1158,rb2210,SHFE,0_0_     1711790,     2275478,多,开,4890.0,1,2022-04-11 09:57:10
1159,rb2210,SHFE,0_0_     1712627,     2277088,空,平今,4889.0,1,2022-04-11 09:57:21
1160,rb2210,SHFE,0_0_     1713344,     2279113,空,平今,4887.0,3,2022-04-11 09:57:29
1161,rb2210,SHFE,0_0_     1712862,     2281465,空,平今,4889.000000000001,1,2022-04-11 09:57:47
1162,rb2210,SHFE,0_0_     1716035,     2282148,多,开,4888.0,1,2022-04-11 09:57:51
1163,rb2210,SHFE,0_0_     1716035,     2282156,多,开,4888.0,1,2022-04-11 09:57:51
1164,rb2210,SHFE,0_0_     1716035,     2282164,多,开,4888.0,1,2022-04-11 09:57:51
1165,rb2210,SHFE,0_0_     1717596,     2282990,多,开,4889.0,1,2022-04-11 09:57:58
1166,rb2210,SHFE,0_0_     1717596,     2283004,多,开,4889.0,1,2022-04-11 09:57:58
1167,rb2210,SHFE,0_0_     1718273,     2285057,空,平今,4888.0,2,2022-04-11 09:58:12
1168,rb2210,SHFE,0_0_     1719428,     2285547,多,开,4888.0,2,2022-04-11 09:58:16
1169,rb2210,SHFE,0_0_     1721475,     2286710,空,平今,4890.0,1,2022-04-11 09:58:21
1170,rb2210,SHFE,0_0_     1726011,     2289971,空,开,4887.0,1,2022-04-11 09:59:01
1171,rb2210,SHFE,0_0_     1726011,     2289972,空,开,4887.0,1,2022-04-11 09:59:01
1172,rb2210,SHFE,0_0_     1726011,     2289973,空,开,4887.0,1,2022-04-11 09:59:01
1173,rb2210,SHFE,0_0_     1726732,     2290575,多,平今,4887.0,1,2022-04-11 09:59:05
1174,rb2210,SHFE,0_0_     1727243,     2292388,多,平今,4887.0,1,2022-04-11 09:59:24
1175,rb2210,SHFE,0_0_     1729197,     2292786,多,平今,4887.0,2,2022-04-11 09:59:30
1176,rb2210,SHFE,0_0_     1729659,     2293652,空,开,4888.0,4,2022-04-11 09:59:36
1177,rb2210,SHFE,0_0_     1730444,     2293913,多,平今,4887.0,1,2022-04-11 09:59:39
1178,rb2210,SHFE,0_0_     1737492,     2305219,空,开,4887.000000000001,4,2022-04-11 10:00:11
1179,rb2210,SHFE,0_0_     1738033,     2306164,多,平今,4885.0,4,2022-04-11 10:00:16
1180,rb2210,SHFE,0_0_     1738475,     2311310,空,开,4886.0,4,2022-04-11 10:00:32
1181,rb2210,SHFE,0_0_     1741104,     2311721,多,平今,4886.000000000001,2,2022-04-11 10:00:34
1182,rb2210,SHFE,0_0_     1741389,     2311730,多,平今,4886.000000000001,1,2022-04-11 10:00:34
1183,rb2210,SHFE,0_0_     1741599,     2311963,多,平今,4886.0,1,2022-04-11 10:00:35
1184,rb2210,SHFE,0_0_     1741678,     2312496,多,平今,4886.0,2,2022-04-11 10:00:38
1185,rb2210,SHFE,0_0_     1742237,     2312737,多,平今,4886.0,1,2022-04-11 10:00:40
1186,rb2210,SHFE,0_0_     1742492,     2312768,空,开,4887.0,1,2022-04-11 10:00:41
1187,rb2210,SHFE,0_0_     1742677,     2313108,空,开,4887.0,3,2022-04-11 10:00:42
1188,rb2210,SHFE,0_0_     1742677,     2313109,空,开,4887.0,1,2022-04-11 10:00:42
1189,rb2210,SHFE,0_0_     1742769,     2313252,空,开,4887.0,3,2022-04-11 10:00:43
1190,rb2210,SHFE,0_0_     1742741,     2313315,多,平今,4886.0,3,2022-04-11 10:00:43
1191,rb2210,SHFE,0_0_     1742983,     2313366,空,开,4887.000000000001,3,2022-04-11 10:00:43
1192,rb2210,SHFE,0_0_     1731187,     2313903,空,平今,4888.0,2,2022-04-11 10:00:47
1193,rb2210,SHFE,0_0_     1743757,     2314528,多,平今,4888.0,1,2022-04-11 10:00:51
1194,rb2210,SHFE,0_0_     1743346,     2314532,多,平今,4887.0,4,2022-04-11 10:00:51
1195,rb2210,SHFE,0_0_     1743758,     2314646,空,开,4888.0,3,2022-04-11 10:00:51
1196,rb2210,SHFE,0_0_     1743758,     2314651,空,开,4888.0,1,2022-04-11 10:00:51
1197,rb2210,SHFE,0_0_     1744678,     2315568,多,开,4888.0,2,2022-04-11 10:00:58
1198,rb2210,SHFE,0_0_     1723069,     2316491,空,平今,4891.0,4,2022-04-11 10:01:03
1199,rb2210,SHFE,0_0_     1745748,     2318019,多,开,4890.0,1,2022-04-11 10:01:10
1200,rb2210,SHFE,0_0_     1745748,     2318026,多,开,4890.0,1,2022-04-11 10:01:10
1201,rb2210,SHFE,0_0_     1745748,     2318041,多,开,4890.0,1,2022-04-11 10:01:10
1202,rb2210,SHFE,0_0_     1745748,     2318043,多,开,4890.0,1,2022-04-11 10:01:10
1203,rb2210,SHFE,0_0_     1745748,     2318048,多,开,4890.0,1,2022-04-11 10:01:10
1204,rb2210,SHFE,0_0_     1747475,     2318753,空,平今,4891.0,1,2022-04-11 10:01:16
1205,rb2210,SHFE,0_0_     1747475,     2318821,空,平今,4891.0,1,2022-04-11 10:01:16
1206,rb2210,SHFE,0_0_     1747475,     2318823,空,平今,4891.0,1,2022-04-11 10:01:16
1207,rb2210,SHFE,0_0_     1747475,     2318827,空,平今,4891.0,1,2022-04-11 10:01:16
1208,rb2210,SHFE,0_0_     1743857,     2319843,多,平今,4887.0,3,2022-04-11 10:01:23
1209,rb2210,SHFE,0_0_     1743857,     2319852,多,平今,4887.0,1,2022-04-11 10:01:24
1210,rb2210,SHFE,0_0_     1743003,     2320113,多,平今,4886.0,3,2022-04-11 10:01:25
1211,rb2210,SHFE,0_0_     1749339,     2320897,空,平今,4887.0,3,2022-04-11 10:01:31
1212,rb2210,SHFE,0_0_     1750083,     2322417,多,开,4886.0,1,2022-04-11 10:01:41
1213,rb2210,SHFE,0_0_     1750083,     2322438,多,开,4886.0,1,2022-04-11 10:01:41
1214,rb2210,SHFE,0_0_     1750083,     2322479,多,开,4886.0,1,2022-04-11 10:01:41
1215,rb2210,SHFE,0_0_     1750322,     2324984,空,开,4888.0,3,2022-04-11 10:02:01
1216,rb2210,SHFE,0_0_     1750322,     2325039,空,开,4888.0,1,2022-04-11 10:02:01
1217,rb2210,SHFE,0_0_     1754877,     2325634,多,平今,4887.0,1,2022-04-11 10:02:05
1218,rb2210,SHFE,0_0_     1757768,     2329246,空,开,4885.0,1,2022-04-11 10:02:23
1219,rb2210,SHFE,0_0_     1757768,     2329304,空,开,4885.0,4,2022-04-11 10:02:24
1220,rb2210,SHFE,0_0_     1759114,     2329546,多,平今,4884.0,2,2022-04-11 10:02:25
1221,rb2210,SHFE,0_0_     1760236,     2331225,空,平今,4883.0,2,2022-04-11 10:02:32
1222,rb2210,SHFE,0_0_     1760686,     2331859,空,开,4882.0,1,2022-04-11 10:02:35
1223,rb2210,SHFE,0_0_     1761184,     2334963,空,开,4882.0,1,2022-04-11 10:02:48
1224,rb2210,SHFE,0_0_     1762828,     2336040,多,平今,4883.0,3,2022-04-11 10:02:54
1225,rb2210,SHFE,0_0_     1763202,     2339467,多,平今,4882.0,4,2022-04-11 10:03:10
1226,rb2210,SHFE,0_0_     1762246,     2339843,多,平今,4881.0,1,2022-04-11 10:03:13
1227,rb2210,SHFE,0_0_     1765793,     2342347,空,开,4882.0,3,2022-04-11 10:03:27
1228,rb2210,SHFE,0_0_     1770943,     2347590,空,开,4881.0,1,2022-04-11 10:03:55
1229,rb2210,SHFE,0_0_     1772850,     2350312,空,开,4881.0,4,2022-04-11 10:04:06
1230,rb2210,SHFE,0_0_     1773665,     2350765,多,平今,4880.0,2,2022-04-11 10:04:08
1231,rb2210,SHFE,0_0_     1773944,     2351189,多,平今,4880.0,3,2022-04-11 10:04:10
1232,rb2210,SHFE,0_0_     1774255,     2351629,空,开,4881.0,4,2022-04-11 10:04:13
1233,rb2210,SHFE,0_0_     1774705,     2351677,多,平今,4880.0,1,2022-04-11 10:04:13
