,code,exchange,orderid,direction,offset,price,volume,datetime
0,rb2210,SHFE,0_0_         167,空,平昨,5068.0,1,2022-04-07 21:00:14
1,rb2210,SHFE,0_0_         244,多,开,5069.0,1,2022-04-07 21:00:17
2,rb2210,SHFE,0_0_         903,空,开,5074.0,4,2022-04-07 21:00:46
3,rb2210,SHFE,0_0_        1286,空,开,5072.0,4,2022-04-07 21:01:02
4,rb2210,SHFE,0_0_        1772,多,平今,5074.0,1,2022-04-07 21:01:27
5,rb2210,SHFE,0_0_        1781,多,平今,5074.0,1,2022-04-07 21:01:28
6,rb2210,SHFE,0_0_        1846,多,平今,5074.0,3,2022-04-07 21:01:37
7,rb2210,SHFE,0_0_        1959,空,开,5075.0,3,2022-04-07 21:01:38
8,rb2210,SHFE,0_0_        2344,多,开,5076.0,7,2022-04-07 21:01:58
9,rb2210,SHFE,0_0_        2396,空,平今,5078.0,2,2022-04-07 21:02:00
10,rb2210,SHFE,0_0_        2551,空,平今,5077.0,1,2022-04-07 21:02:05
11,rb2210,SHFE,0_0_        2764,多,平今,5077.0,1,2022-04-07 21:02:10
12,rb2210,SHFE,0_0_        2764,多,平今,5077.0,1,2022-04-07 21:02:11
13,rb2210,SHFE,0_0_        2764,多,平今,5077.0,1,2022-04-07 21:02:11
14,rb2210,SHFE,0_0_        2764,多,平今,5077.0,1,2022-04-07 21:02:12
15,rb2210,SHFE,0_0_        2839,空,平今,5078.0,4,2022-04-07 21:02:13
16,rb2210,SHFE,0_0_        2948,空,开,5079.0,1,2022-04-07 21:02:18
17,rb2210,SHFE,0_0_        2948,空,开,5079.0,1,2022-04-07 21:02:18
18,rb2210,SHFE,0_0_        2948,空,开,5079.0,1,2022-04-07 21:02:18
19,rb2210,SHFE,0_0_        2948,空,开,5079.0,1,2022-04-07 21:02:18
20,rb2210,SHFE,0_0_        2948,空,开,5079.0,1,2022-04-07 21:02:18
21,rb2210,SHFE,0_0_        3045,多,平今,5075.0,7,2022-04-07 21:02:21
22,rb2210,SHFE,0_0_        3085,空,开,5076.0,4,2022-04-07 21:02:22
23,rb2210,SHFE,0_0_        3132,多,平今,5075.0,1,2022-04-07 21:02:30
24,rb2210,SHFE,0_0_        3132,多,平今,5075.0,1,2022-04-07 21:02:30
25,rb2210,SHFE,0_0_        3132,多,平今,5075.0,2,2022-04-07 21:02:31
26,rb2210,SHFE,0_0_        3480,空,开,5076.0,2,2022-04-07 21:02:31
27,rb2210,SHFE,0_0_        4758,空,开,5077.0,2,2022-04-07 21:03:10
28,rb2210,SHFE,0_0_        5331,多,开,5080.0,7,2022-04-07 21:03:24
29,rb2210,SHFE,0_0_        4811,多,平今,5076.0,1,2022-04-07 21:03:47
30,rb2210,SHFE,0_0_        4811,多,平今,5076.0,1,2022-04-07 21:03:47
31,rb2210,SHFE,0_0_        6288,空,平今,5077.0,2,2022-04-07 21:03:50
32,rb2210,SHFE,0_0_        6631,空,平今,5078.0,1,2022-04-07 21:03:57
33,rb2210,SHFE,0_0_       15302,多,平今,5078.0,1,2022-04-07 21:06:01
34,rb2210,SHFE,0_0_       17492,空,平今,5076.0,2,2022-04-07 21:06:23
35,rb2210,SHFE,0_0_       23568,空,平今,5080.000000000001,2,2022-04-07 21:07:39
36,rb2210,SHFE,0_0_       25503,空,开,5077.0,4,2022-04-07 21:08:07
37,rb2210,SHFE,0_0_       26416,空,平今,5076.0,1,2022-04-07 21:08:12
38,rb2210,SHFE,0_0_       31598,多,平今,5080.0,1,2022-04-07 21:09:02
39,rb2210,SHFE,0_0_       37313,多,开,5080.0,4,2022-04-07 21:09:50
40,rb2210,SHFE,0_0_       39569,空,平今,5082.0,1,2022-04-07 21:10:03
41,rb2210,SHFE,0_0_       41503,多,平今,5082.0,2,2022-04-07 21:10:15
42,rb2210,SHFE,0_0_       42593,空,平今,5082.0,3,2022-04-07 21:10:25
43,rb2210,SHFE,0_0_       42084,空,开,5083.0,4,2022-04-07 21:10:25
44,rb2210,SHFE,0_0_       43611,多,开,5082.0,1,2022-04-07 21:10:26
45,rb2210,SHFE,0_0_       43611,多,开,5082.0,1,2022-04-07 21:10:26
46,rb2210,SHFE,0_0_       43611,多,开,5082.0,1,2022-04-07 21:10:26
47,rb2210,SHFE,0_0_       43611,多,开,5082.0,2,2022-04-07 21:10:26
48,rb2210,SHFE,0_0_       43611,多,开,5082.0,1,2022-04-07 21:10:26
49,rb2210,SHFE,0_0_       43611,多,开,5082.0,1,2022-04-07 21:10:26
50,rb2210,SHFE,0_0_       43611,多,开,5082.0,1,2022-04-07 21:10:26
51,rb2210,SHFE,0_0_       43873,多,平今,5081.0,4,2022-04-07 21:10:30
52,rb2210,SHFE,0_0_       44644,空,平今,5082.0,4,2022-04-07 21:10:31
53,rb2210,SHFE,0_0_       44858,多,开,5081.0,1,2022-04-07 21:10:31
54,rb2210,SHFE,0_0_       46986,空,平今,5083.0,1,2022-04-07 21:10:44
55,rb2210,SHFE,0_0_       46986,空,平今,5083.0,1,2022-04-07 21:10:44
56,rb2210,SHFE,0_0_       46986,空,平今,5083.0,1,2022-04-07 21:10:44
57,rb2210,SHFE,0_0_       44858,多,开,5081.0,2,2022-04-07 21:10:46
58,rb2210,SHFE,0_0_       44858,多,开,5081.0,1,2022-04-07 21:10:47
59,rb2210,SHFE,0_0_       47324,空,开,5083.0,4,2022-04-07 21:11:03
60,rb2210,SHFE,0_0_       49587,多,平今,5083.0,2,2022-04-07 21:11:07
61,rb2210,SHFE,0_0_       50154,多,平今,5083.0,3,2022-04-07 21:11:08
62,rb2210,SHFE,0_0_       54353,多,开,5083.0,1,2022-04-07 21:11:58
63,rb2210,SHFE,0_0_       54353,多,开,5083.0,1,2022-04-07 21:11:58
64,rb2210,SHFE,0_0_       54353,多,开,5083.0,1,2022-04-07 21:11:59
65,rb2210,SHFE,0_0_       58142,空,平今,5084.0,1,2022-04-07 21:12:00
66,rb2210,SHFE,0_0_       60635,空,平今,5083.0,3,2022-04-07 21:12:31
67,rb2210,SHFE,0_0_       60635,空,平今,5083.0,1,2022-04-07 21:12:31
68,rb2210,SHFE,0_0_       68371,空,开,5083.0,1,2022-04-07 21:13:11
69,rb2210,SHFE,0_0_       68371,空,开,5083.0,2,2022-04-07 21:13:12
70,rb2210,SHFE,0_0_       68371,空,开,5083.0,1,2022-04-07 21:13:12
71,rb2210,SHFE,0_0_       73372,多,开,5084.0,4,2022-04-07 21:13:42
72,rb2210,SHFE,0_0_       74581,空,平今,5085.0,4,2022-04-07 21:13:44
73,rb2210,SHFE,0_0_       76828,多,平今,5085.0,1,2022-04-07 21:14:04
74,rb2210,SHFE,0_0_       80528,空,平今,5086.0,2,2022-04-07 21:14:20
75,rb2210,SHFE,0_0_       80613,多,开,5085.0,1,2022-04-07 21:14:28
76,rb2210,SHFE,0_0_       80613,多,开,5085.0,1,2022-04-07 21:14:28
77,rb2210,SHFE,0_0_       84130,空,平今,5086.0,1,2022-04-07 21:14:38
78,rb2210,SHFE,0_0_       84691,空,开,5086.0,1,2022-04-07 21:14:43
79,rb2210,SHFE,0_0_       84691,空,开,5086.0,1,2022-04-07 21:14:43
80,rb2210,SHFE,0_0_       84691,空,开,5086.0,1,2022-04-07 21:14:43
81,rb2210,SHFE,0_0_       85366,空,平今,5086.000000000001,1,2022-04-07 21:14:50
82,rb2210,SHFE,0_0_       81875,多,开,5085.0,1,2022-04-07 21:14:51
83,rb2210,SHFE,0_0_       74732,多,开,5084.0,4,2022-04-07 21:14:53
84,rb2210,SHFE,0_0_       86880,空,平今,5084.0,1,2022-04-07 21:15:01
85,rb2210,SHFE,0_0_       89554,多,平今,5083.0,3,2022-04-07 21:15:18
86,rb2210,SHFE,0_0_       90374,空,开,5084.0,2,2022-04-07 21:15:19
87,rb2210,SHFE,0_0_       91557,空,开,5084.0,1,2022-04-07 21:15:31
88,rb2210,SHFE,0_0_       86700,空,平今,5085.0,1,2022-04-07 21:15:42
89,rb2210,SHFE,0_0_       86700,空,平今,5085.0,2,2022-04-07 21:15:43
90,rb2210,SHFE,0_0_       86700,空,平今,5085.0,1,2022-04-07 21:15:43
91,rb2210,SHFE,0_0_       94448,多,开,5084.0,2,2022-04-07 21:15:45
92,rb2210,SHFE,0_0_       92057,多,平今,5083.0,3,2022-04-07 21:15:48
93,rb2210,SHFE,0_0_       69264,多,平今,5082.0,4,2022-04-07 21:15:55
94,rb2210,SHFE,0_0_       95572,空,开,5083.0,4,2022-04-07 21:15:57
95,rb2210,SHFE,0_0_       95572,空,开,5083.0,1,2022-04-07 21:15:58
96,rb2210,SHFE,0_0_       94675,空,平今,5084.0,1,2022-04-07 21:16:10
97,rb2210,SHFE,0_0_      100613,空,开,5082.0,3,2022-04-07 21:16:56
98,rb2210,SHFE,0_0_      104067,多,平今,5081.0,3,2022-04-07 21:16:57
99,rb2210,SHFE,0_0_      105822,多,平今,5082.0,4,2022-04-07 21:17:06
100,rb2210,SHFE,0_0_      126756,多,平今,5081.0,1,2022-04-07 21:19:34
101,rb2210,SHFE,0_0_      126893,空,开,5082.0,1,2022-04-07 21:19:35
102,rb2210,SHFE,0_0_      126893,空,开,5082.0,1,2022-04-07 21:19:35
103,rb2210,SHFE,0_0_      126893,空,开,5082.0,2,2022-04-07 21:19:35
104,rb2210,SHFE,0_0_      130650,空,开,5084.0,1,2022-04-07 21:20:05
105,rb2210,SHFE,0_0_      130650,空,开,5084.0,1,2022-04-07 21:20:06
106,rb2210,SHFE,0_0_      130650,空,开,5084.0,1,2022-04-07 21:20:06
107,rb2210,SHFE,0_0_      131621,多,平今,5084.0,1,2022-04-07 21:20:09
108,rb2210,SHFE,0_0_      133705,空,开,5084.0,2,2022-04-07 21:20:36
109,rb2210,SHFE,0_0_      139774,多,平今,5084.0,1,2022-04-07 21:21:08
110,rb2210,SHFE,0_0_       86027,空,平今,5086.0,1,2022-04-07 21:21:18
111,rb2210,SHFE,0_0_      142183,多,平今,5085.0,1,2022-04-07 21:21:18
112,rb2210,SHFE,0_0_      142183,多,平今,5085.0,1,2022-04-07 21:21:18
113,rb2210,SHFE,0_0_      142183,多,平今,5085.0,1,2022-04-07 21:21:18
114,rb2210,SHFE,0_0_      142183,多,平今,5085.0,1,2022-04-07 21:21:18
115,rb2210,SHFE,0_0_      143181,多,开,5086.0,4,2022-04-07 21:21:24
116,rb2210,SHFE,0_0_      143215,多,平今,5086.0,1,2022-04-07 21:21:25
117,rb2210,SHFE,0_0_      143367,空,平今,5086.0,2,2022-04-07 21:21:30
118,rb2210,SHFE,0_0_      143600,空,平今,5086.0,1,2022-04-07 21:21:30
119,rb2210,SHFE,0_0_      143678,多,开,5086.0,3,2022-04-07 21:21:35
120,rb2210,SHFE,0_0_      144780,空,平今,5087.0,1,2022-04-07 21:21:44
121,rb2210,SHFE,0_0_      147225,多,开,5087.0,3,2022-04-07 21:22:03
122,rb2210,SHFE,0_0_      149747,空,平今,5088.0,2,2022-04-07 21:22:28
123,rb2210,SHFE,0_0_      149747,空,平今,5088.0,1,2022-04-07 21:22:28
124,rb2210,SHFE,0_0_      152071,空,开,5088.0,5,2022-04-07 21:22:39
125,rb2210,SHFE,0_0_      152124,多,平今,5087.000000000001,4,2022-04-07 21:22:47
126,rb2210,SHFE,0_0_      153337,空,平今,5088.0,1,2022-04-07 21:22:52
127,rb2210,SHFE,0_0_      153337,空,平今,5088.0,1,2022-04-07 21:22:52
128,rb2210,SHFE,0_0_      153337,空,平今,5088.0,1,2022-04-07 21:22:52
129,rb2210,SHFE,0_0_      156387,多,开,5091.0,1,2022-04-07 21:23:10
130,rb2210,SHFE,0_0_      156985,多,开,5091.0,1,2022-04-07 21:23:12
131,rb2210,SHFE,0_0_      157084,多,开,5091.0,1,2022-04-07 21:23:13
132,rb2210,SHFE,0_0_      156032,多,平今,5089.0,1,2022-04-07 21:23:17
133,rb2210,SHFE,0_0_      157626,空,开,5090.000000000001,5,2022-04-07 21:23:17
134,rb2210,SHFE,0_0_      158591,多,平今,5091.0,3,2022-04-07 21:23:22
135,rb2210,SHFE,0_0_      159152,空,平今,5092.0,1,2022-04-07 21:23:28
136,rb2210,SHFE,0_0_      159469,空,平今,5092.0,1,2022-04-07 21:23:30
137,rb2210,SHFE,0_0_      159678,多,平今,5091.0,2,2022-04-07 21:23:31
138,rb2210,SHFE,0_0_      159840,空,开,5091.0,1,2022-04-07 21:23:34
139,rb2210,SHFE,0_0_      164059,空,平今,5092.0,2,2022-04-07 21:24:14
140,rb2210,SHFE,0_0_      164251,空,开,5092.0,2,2022-04-07 21:24:17
141,rb2210,SHFE,0_0_      164708,空,开,5092.0,2,2022-04-07 21:24:54
142,rb2210,SHFE,0_0_      169932,多,开,5092.0,2,2022-04-07 21:25:02
143,rb2210,SHFE,0_0_      169932,多,开,5092.0,1,2022-04-07 21:25:02
144,rb2210,SHFE,0_0_      169932,多,开,5092.0,1,2022-04-07 21:25:03
145,rb2210,SHFE,0_0_      169563,多,平今,5091.0,2,2022-04-07 21:25:05
146,rb2210,SHFE,0_0_      171486,空,平今,5092.0,4,2022-04-07 21:25:44
147,rb2210,SHFE,0_0_      177439,多,开,5091.0,4,2022-04-07 21:25:44
148,rb2210,SHFE,0_0_      177733,空,平今,5091.0,2,2022-04-07 21:25:54
149,rb2210,SHFE,0_0_      166649,多,平今,5089.0,1,2022-04-07 21:25:58
150,rb2210,SHFE,0_0_      178546,空,开,5091.0,3,2022-04-07 21:26:10
151,rb2210,SHFE,0_0_      180552,多,平今,5090.0,3,2022-04-07 21:26:12
152,rb2210,SHFE,0_0_      180833,空,开,5091.0,3,2022-04-07 21:26:13
153,rb2210,SHFE,0_0_      181418,多,平今,5091.0,1,2022-04-07 21:26:17
154,rb2210,SHFE,0_0_      183562,多,平今,5093.0,3,2022-04-07 21:26:30
155,rb2210,SHFE,0_0_      183165,多,平今,5092.0,1,2022-04-07 21:26:39
156,rb2210,SHFE,0_0_      185810,空,平今,5094.0,2,2022-04-07 21:26:46
157,rb2210,SHFE,0_0_      188425,空,开,5095.0,2,2022-04-07 21:27:07
158,rb2210,SHFE,0_0_      188425,空,开,5095.0,1,2022-04-07 21:27:07
159,rb2210,SHFE,0_0_      190556,多,平今,5095.0,3,2022-04-07 21:27:18
160,rb2210,SHFE,0_0_      191259,空,开,5095.0,1,2022-04-07 21:27:26
161,rb2210,SHFE,0_0_      191727,空,开,5095.0,2,2022-04-07 21:27:31
162,rb2210,SHFE,0_0_      192884,多,平今,5095.0,1,2022-04-07 21:27:38
163,rb2210,SHFE,0_0_      193039,多,平今,5095.0,2,2022-04-07 21:27:38
164,rb2210,SHFE,0_0_      193796,多,开,5095.0,1,2022-04-07 21:27:44
165,rb2210,SHFE,0_0_      193796,多,开,5095.0,1,2022-04-07 21:27:44
166,rb2210,SHFE,0_0_      195095,空,平今,5096.0,1,2022-04-07 21:27:51
167,rb2210,SHFE,0_0_      195095,空,平今,5096.0,1,2022-04-07 21:27:52
168,rb2210,SHFE,0_0_      195586,多,开,5095.0,1,2022-04-07 21:27:55
169,rb2210,SHFE,0_0_      195783,多,开,5095.0,1,2022-04-07 21:27:57
170,rb2210,SHFE,0_0_      196823,空,平今,5096.0,1,2022-04-07 21:28:02
171,rb2210,SHFE,0_0_      184463,多,开,5092.0,2,2022-04-07 21:28:23
172,rb2210,SHFE,0_0_      203040,空,平今,5094.0,1,2022-04-07 21:28:48
173,rb2210,SHFE,0_0_      203104,空,平今,5094.0,2,2022-04-07 21:28:55
174,rb2210,SHFE,0_0_      206181,多,开,5094.0,4,2022-04-07 21:29:14
175,rb2210,SHFE,0_0_      206418,空,平今,5094.0,2,2022-04-07 21:29:20
176,rb2210,SHFE,0_0_      197083,空,开,5096.0,2,2022-04-07 21:29:25
177,rb2210,SHFE,0_0_      209574,多,平今,5095.0,1,2022-04-07 21:29:38
178,rb2210,SHFE,0_0_      207132,多,开,5093.0,2,2022-04-07 21:29:54
179,rb2210,SHFE,0_0_      211994,空,平今,5094.0,4,2022-04-07 21:30:00
180,rb2210,SHFE,0_0_      212211,多,开,5093.0,4,2022-04-07 21:30:00
181,rb2210,SHFE,0_0_      215831,多,平今,5088.0,1,2022-04-07 21:30:20
182,rb2210,SHFE,0_0_      220274,多,平今,5092.0,2,2022-04-07 21:30:41
183,rb2210,SHFE,0_0_      220364,空,开,5093.0,2,2022-04-07 21:30:41
184,rb2210,SHFE,0_0_      220553,多,平今,5092.0,2,2022-04-07 21:30:42
185,rb2210,SHFE,0_0_      223887,空,平今,5093.000000000001,1,2022-04-07 21:31:01
186,rb2210,SHFE,0_0_      225598,空,平今,5094.0,1,2022-04-07 21:31:08
187,rb2210,SHFE,0_0_      225598,空,平今,5094.0,1,2022-04-07 21:31:09
188,rb2210,SHFE,0_0_      231036,空,平今,5094.0,1,2022-04-07 21:31:36
189,rb2210,SHFE,0_0_      232158,多,开,5094.0,1,2022-04-07 21:31:39
190,rb2210,SHFE,0_0_      232158,多,开,5094.0,1,2022-04-07 21:31:39
191,rb2210,SHFE,0_0_      232158,多,开,5094.0,1,2022-04-07 21:31:40
192,rb2210,SHFE,0_0_      232158,多,开,5094.0,1,2022-04-07 21:31:40
193,rb2210,SHFE,0_0_      232660,空,平今,5095.0,3,2022-04-07 21:31:44
194,rb2210,SHFE,0_0_      233306,多,开,5094.0,1,2022-04-07 21:31:50
195,rb2210,SHFE,0_0_      234392,空,开,5095.0,2,2022-04-07 21:31:53
196,rb2210,SHFE,0_0_      234392,空,开,5095.0,1,2022-04-07 21:31:53
197,rb2210,SHFE,0_0_      234392,空,开,5095.0,2,2022-04-07 21:31:53
198,rb2210,SHFE,0_0_      234888,多,平今,5094.0,1,2022-04-07 21:31:58
199,rb2210,SHFE,0_0_      236004,空,平今,5095.0,2,2022-04-07 21:32:01
200,rb2210,SHFE,0_0_      239320,多,开,5097.0,1,2022-04-07 21:32:23
201,rb2210,SHFE,0_0_      239320,多,开,5097.0,1,2022-04-07 21:32:24
202,rb2210,SHFE,0_0_      239320,多,开,5097.0,2,2022-04-07 21:32:24
203,rb2210,SHFE,0_0_      241288,空,平今,5098.0,2,2022-04-07 21:32:29
204,rb2210,SHFE,0_0_      241854,多,平今,5098.0,1,2022-04-07 21:32:32
205,rb2210,SHFE,0_0_      242669,多,开,5099.0,2,2022-04-07 21:32:34
206,rb2210,SHFE,0_0_      248590,空,平今,5101.0,1,2022-04-07 21:33:02
207,rb2210,SHFE,0_0_      248590,空,平今,5101.0,1,2022-04-07 21:33:02
208,rb2210,SHFE,0_0_      248590,空,平今,5101.0,1,2022-04-07 21:33:02
209,rb2210,SHFE,0_0_      248770,多,开,5100.000000000001,2,2022-04-07 21:33:02
210,rb2210,SHFE,0_0_      248770,多,开,5100.0,1,2022-04-07 21:33:02
211,rb2210,SHFE,0_0_      248791,空,平今,5101.0,3,2022-04-07 21:33:04
212,rb2210,SHFE,0_0_      249177,多,开,5100.0,1,2022-04-07 21:33:04
213,rb2210,SHFE,0_0_      249177,多,开,5100.0,1,2022-04-07 21:33:04
214,rb2210,SHFE,0_0_      249177,多,开,5100.0,1,2022-04-07 21:33:04
215,rb2210,SHFE,0_0_      249221,空,平今,5101.0,3,2022-04-07 21:33:05
216,rb2210,SHFE,0_0_      249394,多,开,5100.0,2,2022-04-07 21:33:13
217,rb2210,SHFE,0_0_      252361,空,平今,5099.0,1,2022-04-07 21:33:25
218,rb2210,SHFE,0_0_      254268,空,平今,5100.0,2,2022-04-07 21:33:39
219,rb2210,SHFE,0_0_      255109,多,开,5099.0,3,2022-04-07 21:33:43
220,rb2210,SHFE,0_0_      267075,多,开,5099.0,1,2022-04-07 21:35:03
221,rb2210,SHFE,0_0_      267469,空,开,5099.0,2,2022-04-07 21:35:05
222,rb2210,SHFE,0_0_      267469,空,开,5099.0,1,2022-04-07 21:35:06
223,rb2210,SHFE,0_0_      267469,空,开,5099.0,1,2022-04-07 21:35:06
224,rb2210,SHFE,0_0_      268289,多,平今,5097.0,1,2022-04-07 21:35:11
225,rb2210,SHFE,0_0_      256270,空,平今,5100.0,2,2022-04-07 21:36:12
226,rb2210,SHFE,0_0_      236436,多,平今,5094.0,1,2022-04-07 21:36:46
227,rb2210,SHFE,0_0_      236436,多,平今,5094.0,1,2022-04-07 21:36:46
228,rb2210,SHFE,0_0_      236436,多,平今,5094.0,1,2022-04-07 21:36:46
229,rb2210,SHFE,0_0_      288793,空,平今,5095.0,1,2022-04-07 21:37:23
230,rb2210,SHFE,0_0_      297378,空,开,5094.0,4,2022-04-07 21:38:27
231,rb2210,SHFE,0_0_      305673,多,平今,5095.0,1,2022-04-07 21:39:21
232,rb2210,SHFE,0_0_      305673,多,平今,5095.0,1,2022-04-07 21:39:22
233,rb2210,SHFE,0_0_      324203,空,开,5090.0,3,2022-04-07 21:41:28
234,rb2210,SHFE,0_0_      324989,多,平今,5088.0,3,2022-04-07 21:41:36
235,rb2210,SHFE,0_0_      325684,多,平今,5088.0,2,2022-04-07 21:42:40
236,rb2210,SHFE,0_0_      349295,空,开,5089.0,1,2022-04-07 21:44:25
237,rb2210,SHFE,0_0_      349295,空,开,5089.0,3,2022-04-07 21:44:26
238,rb2210,SHFE,0_0_      349453,多,平今,5089.0,1,2022-04-07 21:44:38
239,rb2210,SHFE,0_0_      358486,多,平今,5090.0,2,2022-04-07 21:45:39
240,rb2210,SHFE,0_0_      359331,空,开,5091.0,2,2022-04-07 21:46:33
241,rb2210,SHFE,0_0_      376526,多,平今,5092.0,2,2022-04-07 21:48:00
242,rb2210,SHFE,0_0_      376526,多,平今,5092.0,2,2022-04-07 21:48:00
243,rb2210,SHFE,0_0_      377837,空,开,5093.0,1,2022-04-07 21:48:01
244,rb2210,SHFE,0_0_      377837,空,开,5093.0,1,2022-04-07 21:48:01
245,rb2210,SHFE,0_0_      377837,空,开,5093.0,1,2022-04-07 21:48:01
246,rb2210,SHFE,0_0_      377837,空,开,5093.0,1,2022-04-07 21:48:01
247,rb2210,SHFE,0_0_      377837,空,开,5093.0,2,2022-04-07 21:48:01
248,rb2210,SHFE,0_0_      318423,空,平今,5094.0,1,2022-04-07 21:48:09
249,rb2210,SHFE,0_0_      379019,多,开,5093.0,1,2022-04-07 21:48:11
250,rb2210,SHFE,0_0_      379019,多,开,5093.0,1,2022-04-07 21:48:12
251,rb2210,SHFE,0_0_      379019,多,开,5093.0,3,2022-04-07 21:48:13
252,rb2210,SHFE,0_0_      378066,多,平今,5092.0,4,2022-04-07 21:48:45
253,rb2210,SHFE,0_0_      384230,空,平今,5092.0,3,2022-04-07 21:49:18
254,rb2210,SHFE,0_0_      386830,多,平今,5092.0,2,2022-04-07 21:49:25
255,rb2210,SHFE,0_0_      388111,多,开,5092.0,3,2022-04-07 21:49:34
256,rb2210,SHFE,0_0_      382766,空,平今,5093.0,1,2022-04-07 21:49:34
257,rb2210,SHFE,0_0_      388400,空,开,5093.0,5,2022-04-07 21:49:34
258,rb2210,SHFE,0_0_      388386,多,开,5092.0,2,2022-04-07 21:49:35
259,rb2210,SHFE,0_0_      388386,多,开,5092.0,2,2022-04-07 21:49:36
260,rb2210,SHFE,0_0_      388472,多,平今,5092.0,2,2022-04-07 21:49:39
261,rb2210,SHFE,0_0_      389244,多,平今,5091.0,1,2022-04-07 21:50:29
262,rb2210,SHFE,0_0_      400720,空,平今,5088.0,1,2022-04-07 21:51:29
263,rb2210,SHFE,0_0_      400720,空,平今,5088.0,2,2022-04-07 21:51:29
264,rb2210,SHFE,0_0_      400720,空,平今,5088.0,1,2022-04-07 21:51:29
265,rb2210,SHFE,0_0_      402460,空,平今,5087.000000000001,1,2022-04-07 21:51:43
266,rb2210,SHFE,0_0_      405181,空,开,5088.0,1,2022-04-07 21:52:11
267,rb2210,SHFE,0_0_      416674,空,开,5087.0,3,2022-04-07 21:53:48
268,rb2210,SHFE,0_0_      417451,多,平今,5087.0,1,2022-04-07 21:53:55
269,rb2210,SHFE,0_0_      418621,空,开,5087.0,1,2022-04-07 21:54:33
270,rb2210,SHFE,0_0_      431041,多,平今,5089.0,1,2022-04-07 21:55:53
271,rb2210,SHFE,0_0_      422411,多,平今,5087.0,1,2022-04-07 21:56:12
272,rb2210,SHFE,0_0_      433221,空,开,5087.0,1,2022-04-07 21:56:13
273,rb2210,SHFE,0_0_      435705,多,平今,5086.0,2,2022-04-07 21:57:38
274,rb2210,SHFE,0_0_      435705,多,平今,5086.0,2,2022-04-07 21:57:38
275,rb2210,SHFE,0_0_      435705,多,平今,5086.0,1,2022-04-07 21:57:39
276,rb2210,SHFE,0_0_      435705,多,平今,5086.0,1,2022-04-07 21:57:39
277,rb2210,SHFE,0_0_      443286,空,开,5087.0,1,2022-04-07 21:58:04
278,rb2210,SHFE,0_0_      447799,多,开,5086.0,5,2022-04-07 21:58:04
279,rb2210,SHFE,0_0_      447926,空,平今,5087.0,2,2022-04-07 21:58:13
280,rb2210,SHFE,0_0_      447926,空,平今,5087.0,3,2022-04-07 21:58:14
281,rb2210,SHFE,0_0_      450162,多,平今,5087.0,2,2022-04-07 21:58:24
282,rb2210,SHFE,0_0_      458104,空,开,5084.0,1,2022-04-07 21:59:15
283,rb2210,SHFE,0_0_      458497,多,平今,5083.0,1,2022-04-07 21:59:20
284,rb2210,SHFE,0_0_      458860,空,开,5084.0,1,2022-04-07 21:59:21
285,rb2210,SHFE,0_0_      459072,多,开,5084.0,1,2022-04-07 21:59:22
286,rb2210,SHFE,0_0_      459072,多,开,5084.0,1,2022-04-07 21:59:22
287,rb2210,SHFE,0_0_      459174,多,平今,5084.0,1,2022-04-07 21:59:24
288,rb2210,SHFE,0_0_      459307,多,开,5084.0,2,2022-04-07 21:59:26
289,rb2210,SHFE,0_0_      459307,多,开,5084.0,1,2022-04-07 21:59:26
290,rb2210,SHFE,0_0_      462383,空,开,5083.0,1,2022-04-07 21:59:50
291,rb2210,SHFE,0_0_      462567,空,开,5083.0,2,2022-04-07 21:59:52
292,rb2210,SHFE,0_0_      482117,空,开,5078.0,1,2022-04-07 22:01:55
293,rb2210,SHFE,0_0_      483550,空,开,5077.0,4,2022-04-07 22:02:27
294,rb2210,SHFE,0_0_      498544,多,平今,5078.0,1,2022-04-07 22:03:50
295,rb2210,SHFE,0_0_      498544,多,平今,5078.0,1,2022-04-07 22:03:50
296,rb2210,SHFE,0_0_      509807,空,开,5074.000000000001,2,2022-04-07 22:04:56
297,rb2210,SHFE,0_0_      510603,多,平今,5073.0,1,2022-04-07 22:05:00
298,rb2210,SHFE,0_0_      510755,多,平今,5073.0,6,2022-04-07 22:05:00
299,rb2210,SHFE,0_0_      517001,空,开,5069.0,7,2022-04-07 22:05:43
300,rb2210,SHFE,0_0_      519699,多,平今,5069.0,2,2022-04-07 22:05:53
301,rb2210,SHFE,0_0_      521953,空,平今,5068.0,1,2022-04-07 22:06:03
302,rb2210,SHFE,0_0_      526872,空,平今,5062.0,1,2022-04-07 22:06:32
303,rb2210,SHFE,0_0_      526872,空,平今,5062.0,1,2022-04-07 22:06:32
304,rb2210,SHFE,0_0_      526872,空,平今,5062.0,3,2022-04-07 22:06:32
305,rb2210,SHFE,0_0_      527066,多,平今,5062.0,2,2022-04-07 22:06:33
306,rb2210,SHFE,0_0_      527066,多,平今,5062.0,1,2022-04-07 22:06:33
307,rb2210,SHFE,0_0_      527066,多,平今,5062.0,1,2022-04-07 22:06:33
308,rb2210,SHFE,0_0_      531562,多,平今,5065.0,1,2022-04-07 22:07:07
309,rb2210,SHFE,0_0_      532158,多,平今,5065.0,1,2022-04-07 22:07:09
310,rb2210,SHFE,0_0_      532829,空,开,5066.0,3,2022-04-07 22:07:14
311,rb2210,SHFE,0_0_      532994,多,平今,5065.0,1,2022-04-07 22:07:23
312,rb2210,SHFE,0_0_      532994,多,平今,5065.0,1,2022-04-07 22:07:23
313,rb2210,SHFE,0_0_      532994,多,平今,5065.0,1,2022-04-07 22:07:23
314,rb2210,SHFE,0_0_      534636,空,平今,5066.0,1,2022-04-07 22:07:26
315,rb2210,SHFE,0_0_      534792,多,开,5065.0,1,2022-04-07 22:07:38
316,rb2210,SHFE,0_0_      536492,空,开,5066.0,4,2022-04-07 22:07:39
317,rb2210,SHFE,0_0_      536653,多,平今,5065.000000000001,1,2022-04-07 22:07:40
318,rb2210,SHFE,0_0_      522032,空,平今,5068.0,1,2022-04-07 22:07:46
319,rb2210,SHFE,0_0_      537693,多,平今,5067.0,1,2022-04-07 22:07:48
320,rb2210,SHFE,0_0_      538213,多,开,5067.0,3,2022-04-07 22:07:50
321,rb2210,SHFE,0_0_      538525,空,开,5068.0,6,2022-04-07 22:07:54
322,rb2210,SHFE,0_0_      539152,多,平今,5067.0,1,2022-04-07 22:07:55
323,rb2210,SHFE,0_0_      539152,多,平今,5067.0,1,2022-04-07 22:07:55
324,rb2210,SHFE,0_0_      539152,多,平今,5067.0,1,2022-04-07 22:07:55
325,rb2210,SHFE,0_0_      539152,多,平今,5067.0,1,2022-04-07 22:07:55
326,rb2210,SHFE,0_0_      539152,多,平今,5067.0,1,2022-04-07 22:07:55
327,rb2210,SHFE,0_0_      539152,多,平今,5067.0,1,2022-04-07 22:07:55
328,rb2210,SHFE,0_0_      541836,多,开,5070.0,1,2022-04-07 22:08:14
329,rb2210,SHFE,0_0_      543021,多,开,5070.0,1,2022-04-07 22:08:16
330,rb2210,SHFE,0_0_      543593,多,开,5070.0,2,2022-04-07 22:08:21
331,rb2210,SHFE,0_0_      543914,空,平今,5071.0,2,2022-04-07 22:08:23
332,rb2210,SHFE,0_0_      544012,多,开,5070.0,2,2022-04-07 22:08:24
333,rb2210,SHFE,0_0_      546614,空,平今,5069.0,1,2022-04-07 22:08:42
334,rb2210,SHFE,0_0_      546614,空,平今,5069.0,7,2022-04-07 22:08:42
335,rb2210,SHFE,0_0_      546914,多,开,5068.0,4,2022-04-07 22:09:34
336,rb2210,SHFE,0_0_      537034,多,平今,5065.0,2,2022-04-07 22:09:44
337,rb2210,SHFE,0_0_      557535,空,开,5066.0,2,2022-04-07 22:09:50
338,rb2210,SHFE,0_0_      570672,空,开,5070.0,5,2022-04-07 22:11:02
339,rb2210,SHFE,0_0_      571183,多,平今,5070.0,2,2022-04-07 22:11:42
340,rb2210,SHFE,0_0_      577788,空,平今,5071.0,2,2022-04-07 22:11:45
341,rb2210,SHFE,0_0_      578985,多,平今,5070.0,1,2022-04-07 22:11:49
342,rb2210,SHFE,0_0_      597207,多,平今,5070.0,1,2022-04-07 22:14:07
343,rb2210,SHFE,0_0_      581387,多,平今,5068.0,1,2022-04-07 22:14:42
344,rb2210,SHFE,0_0_      601965,空,开,5068.0,4,2022-04-07 22:14:43
345,rb2210,SHFE,0_0_      598117,空,平今,5071.0,1,2022-04-07 22:15:44
346,rb2210,SHFE,0_0_      611944,多,平今,5070.000000000001,1,2022-04-07 22:15:48
347,rb2210,SHFE,0_0_      629477,空,平今,5076.0,1,2022-04-07 22:17:48
348,rb2210,SHFE,0_0_      625717,空,开,5078.0,3,2022-04-07 22:18:17
349,rb2210,SHFE,0_0_      633222,多,平今,5077.0,3,2022-04-07 22:18:24
350,rb2210,SHFE,0_0_      633222,多,平今,5077.0,1,2022-04-07 22:18:24
351,rb2210,SHFE,0_0_      647506,多,平今,5077.0,1,2022-04-07 22:21:00
352,rb2210,SHFE,0_0_      672968,空,开,5072.0,1,2022-04-07 22:23:56
353,rb2210,SHFE,0_0_      690099,多,平今,5074.0,4,2022-04-07 22:26:18
354,rb2210,SHFE,0_0_      680456,多,开,5072.0,2,2022-04-07 22:26:51
355,rb2210,SHFE,0_0_      680456,多,开,5072.0,1,2022-04-07 22:26:51
356,rb2210,SHFE,0_0_      680456,多,开,5072.0,1,2022-04-07 22:26:51
357,rb2210,SHFE,0_0_      680456,多,开,5072.0,1,2022-04-07 22:26:51
358,rb2210,SHFE,0_0_      680456,多,开,5072.0,1,2022-04-07 22:26:51
359,rb2210,SHFE,0_0_      680456,多,开,5072.0,1,2022-04-07 22:26:51
360,rb2210,SHFE,0_0_      680456,多,开,5072.0,1,2022-04-07 22:26:51
361,rb2210,SHFE,0_0_      694405,空,平今,5072.0,3,2022-04-07 22:26:58
362,rb2210,SHFE,0_0_      712595,空,平今,5072.0,1,2022-04-07 22:30:08
363,rb2210,SHFE,0_0_      715394,多,开,5078.0,3,2022-04-07 22:30:29
364,rb2210,SHFE,0_0_      719457,空,平今,5079.0,1,2022-04-07 22:30:57
365,rb2210,SHFE,0_0_      719746,空,平今,5079.0,3,2022-04-07 22:30:58
366,rb2210,SHFE,0_0_      719828,空,开,5079.0,4,2022-04-07 22:30:59
367,rb2210,SHFE,0_0_      720883,空,平今,5083.0,1,2022-04-07 22:31:09
368,rb2210,SHFE,0_0_      720919,多,平今,5082.0,1,2022-04-07 22:31:09
369,rb2210,SHFE,0_0_      720932,空,平今,5083.0,1,2022-04-07 22:31:09
370,rb2210,SHFE,0_0_      720961,多,开,5082.0,1,2022-04-07 22:31:10
371,rb2210,SHFE,0_0_      725397,多,平今,5082.0,1,2022-04-07 22:31:56
372,rb2210,SHFE,0_0_      725397,多,平今,5082.0,1,2022-04-07 22:31:56
373,rb2210,SHFE,0_0_      729551,空,开,5086.0,3,2022-04-07 22:32:41
374,rb2210,SHFE,0_0_      726638,多,开,5083.0,4,2022-04-07 22:33:03
375,rb2210,SHFE,0_0_      732710,空,平今,5084.0,1,2022-04-07 22:33:03
376,rb2210,SHFE,0_0_      732710,空,平今,5084.0,1,2022-04-07 22:33:03
377,rb2210,SHFE,0_0_      732710,空,平今,5084.0,1,2022-04-07 22:33:03
378,rb2210,SHFE,0_0_      732710,空,平今,5084.0,1,2022-04-07 22:33:03
379,rb2210,SHFE,0_0_      736172,空,开,5084.000000000001,3,2022-04-07 22:33:47
380,rb2210,SHFE,0_0_      732717,多,平今,5083.0,4,2022-04-07 22:33:48
381,rb2210,SHFE,0_0_      736243,空,平今,5084.0,2,2022-04-07 22:33:48
382,rb2210,SHFE,0_0_      736399,空,开,5084.0,3,2022-04-07 22:34:05
383,rb2210,SHFE,0_0_      737461,多,平今,5083.0,3,2022-04-07 22:34:05
384,rb2210,SHFE,0_0_      738174,空,开,5084.0,3,2022-04-07 22:34:07
385,rb2210,SHFE,0_0_      738702,多,平今,5085.0,3,2022-04-07 22:34:11
386,rb2210,SHFE,0_0_      738702,多,平今,5085.0,1,2022-04-07 22:34:11
387,rb2210,SHFE,0_0_      738702,多,平今,5085.0,1,2022-04-07 22:34:11
388,rb2210,SHFE,0_0_      740515,空,开,5086.0,3,2022-04-07 22:34:31
389,rb2210,SHFE,0_0_      741980,空,开,5087.0,3,2022-04-07 22:34:48
390,rb2210,SHFE,0_0_      741991,多,平今,5086.0,2,2022-04-07 22:34:48
391,rb2210,SHFE,0_0_      742144,空,开,5087.0,1,2022-04-07 22:34:53
392,rb2210,SHFE,0_0_      742454,空,开,5087.0,1,2022-04-07 22:34:57
393,rb2210,SHFE,0_0_      743160,多,平今,5086.0,4,2022-04-07 22:35:07
394,rb2210,SHFE,0_0_      740770,多,平今,5085.0,3,2022-04-07 22:35:22
395,rb2210,SHFE,0_0_      744236,空,开,5086.0,2,2022-04-07 22:35:35
396,rb2210,SHFE,0_0_      746321,空,开,5086.0,1,2022-04-07 22:35:37
397,rb2210,SHFE,0_0_      747056,多,平今,5086.0,2,2022-04-07 22:35:44
398,rb2210,SHFE,0_0_      748759,多,平今,5089.0,1,2022-04-07 22:35:54
399,rb2210,SHFE,0_0_      755168,空,开,5086.0,1,2022-04-07 22:36:41
400,rb2210,SHFE,0_0_      755168,空,开,5086.0,1,2022-04-07 22:36:42
401,rb2210,SHFE,0_0_      755907,多,平今,5085.0,1,2022-04-07 22:36:46
402,rb2210,SHFE,0_0_      761024,空,开,5087.0,2,2022-04-07 22:37:44
403,rb2210,SHFE,0_0_      763063,空,开,5087.0,2,2022-04-07 22:37:55
404,rb2210,SHFE,0_0_      765051,多,平今,5087.0,2,2022-04-07 22:38:03
405,rb2210,SHFE,0_0_      763710,多,平今,5086.0,1,2022-04-07 22:38:04
406,rb2210,SHFE,0_0_      738070,多,开,5083.0,1,2022-04-07 22:38:30
407,rb2210,SHFE,0_0_      738070,多,开,5083.0,7,2022-04-07 22:38:30
408,rb2210,SHFE,0_0_      767801,空,平今,5084.0,3,2022-04-07 22:38:32
409,rb2210,SHFE,0_0_      768327,空,平今,5084.0,2,2022-04-07 22:38:40
410,rb2210,SHFE,0_0_      771741,空,开,5083.0,4,2022-04-07 22:39:12
411,rb2210,SHFE,0_0_      775734,空,平今,5082.0,3,2022-04-07 22:39:51
412,rb2210,SHFE,0_0_      777207,多,平今,5085.0,4,2022-04-07 22:40:13
413,rb2210,SHFE,0_0_      779594,空,开,5083.0,1,2022-04-07 22:40:26
414,rb2210,SHFE,0_0_      792769,空,开,5080.0,1,2022-04-07 22:42:34
415,rb2210,SHFE,0_0_      792769,空,开,5080.0,3,2022-04-07 22:42:34
416,rb2210,SHFE,0_0_      792964,多,平今,5079.0,4,2022-04-07 22:42:37
417,rb2210,SHFE,0_0_      804249,多,平今,5077.0,2,2022-04-07 22:49:09
418,rb2210,SHFE,0_0_      841147,空,开,5078.0,3,2022-04-07 22:49:52
419,rb2210,SHFE,0_0_      847263,多,平今,5076.0,2,2022-04-07 22:50:18
420,rb2210,SHFE,0_0_      853801,空,开,5074.0,2,2022-04-07 22:51:04
421,rb2210,SHFE,0_0_      853895,多,平今,5073.0,2,2022-04-07 22:51:04
422,rb2210,SHFE,0_0_      856086,多,平今,5069.000000000001,1,2022-04-07 22:51:18
423,rb2210,SHFE,0_0_      856425,多,平今,5069.0,1,2022-04-07 22:51:22
424,rb2210,SHFE,0_0_      856735,空,开,5070.0,1,2022-04-07 22:51:22
425,rb2210,SHFE,0_0_      856745,多,平今,5069.0,1,2022-04-07 22:53:09
426,rb2210,SHFE,0_0_      870795,空,开,5069.0,2,2022-04-07 22:53:22
427,rb2210,SHFE,0_0_      871893,多,开,5068.0,3,2022-04-07 22:53:24
428,rb2210,SHFE,0_0_      871893,多,开,5068.0,1,2022-04-07 22:53:24
429,rb2210,SHFE,0_0_      870118,空,开,5070.0,1,2022-04-07 22:53:32
430,rb2210,SHFE,0_0_      874041,空,平今,5068.0,2,2022-04-07 22:53:39
431,rb2210,SHFE,0_0_      877509,多,开,5066.0,4,2022-04-07 22:54:03
432,rb2210,SHFE,0_0_      878802,空,平今,5066.0,4,2022-04-07 22:54:15
433,rb2210,SHFE,0_0_      879385,多,开,5065.0,4,2022-04-07 22:54:16
434,rb2210,SHFE,0_0_      881989,空,平今,5062.0,1,2022-04-07 22:54:39
435,rb2210,SHFE,0_0_      881989,空,平今,5062.0,1,2022-04-07 22:54:39
436,rb2210,SHFE,0_0_      881989,空,平今,5062.0,1,2022-04-07 22:54:39
437,rb2210,SHFE,0_0_      881989,空,平今,5062.0,2,2022-04-07 22:54:39
438,rb2210,SHFE,0_0_      881989,空,平今,5062.0,1,2022-04-07 22:54:39
439,rb2210,SHFE,0_0_      882088,多,开,5061.0,4,2022-04-07 22:54:40
440,rb2210,SHFE,0_0_      882454,多,开,5056.0,4,2022-04-07 22:54:51
441,rb2210,SHFE,0_0_      883409,空,平今,5057.0,4,2022-04-07 22:54:52
442,rb2210,SHFE,0_0_      883440,多,开,5056.0,1,2022-04-07 22:54:52
443,rb2210,SHFE,0_0_      883440,多,开,5056.0,2,2022-04-07 22:54:52
444,rb2210,SHFE,0_0_      883440,多,开,5056.0,1,2022-04-07 22:54:52
445,rb2210,SHFE,0_0_      883741,空,平今,5057.0,1,2022-04-07 22:54:53
446,rb2210,SHFE,0_0_      883741,空,平今,5057.0,3,2022-04-07 22:54:53
447,rb2210,SHFE,0_0_      884306,空,开,5057.0,3,2022-04-07 22:54:56
448,rb2210,SHFE,0_0_      884306,空,开,5057.0,1,2022-04-07 22:54:56
449,rb2210,SHFE,0_0_      884306,空,开,5057.0,1,2022-04-07 22:54:56
450,rb2210,SHFE,0_0_      883462,空,平今,5058.0,1,2022-04-07 22:54:57
451,rb2210,SHFE,0_0_      883462,空,平今,5058.0,1,2022-04-07 22:54:57
452,rb2210,SHFE,0_0_      883462,空,平今,5058.0,1,2022-04-07 22:54:57
453,rb2210,SHFE,0_0_      884418,多,平今,5057.0,3,2022-04-07 22:54:57
454,rb2210,SHFE,0_0_      883462,空,平今,5058.0,1,2022-04-07 22:54:57
455,rb2210,SHFE,0_0_      884429,多,平今,5057.0,1,2022-04-07 22:54:57
456,rb2210,SHFE,0_0_      884461,多,平今,5057.0,1,2022-04-07 22:54:58
457,rb2210,SHFE,0_0_      884461,多,平今,5057.0,3,2022-04-07 22:54:58
458,rb2210,SHFE,0_0_      884571,空,开,5058.0,1,2022-04-07 22:54:58
459,rb2210,SHFE,0_0_      884571,空,开,5058.0,2,2022-04-07 22:54:59
460,rb2210,SHFE,0_0_      884615,多,平今,5057.0,2,2022-04-07 22:55:00
461,rb2210,SHFE,0_0_      886382,多,开,5054.0,4,2022-04-07 22:55:14
462,rb2210,SHFE,0_0_      886659,空,开,5053.0,2,2022-04-07 22:55:16
463,rb2210,SHFE,0_0_      886659,空,开,5053.0,1,2022-04-07 22:55:16
464,rb2210,SHFE,0_0_      886659,空,开,5053.0,1,2022-04-07 22:55:16
465,rb2210,SHFE,0_0_      886659,空,开,5053.0,1,2022-04-07 22:55:16
466,rb2210,SHFE,0_0_      889141,多,平今,5054.0,4,2022-04-07 22:55:35
467,rb2210,SHFE,0_0_      889341,空,平今,5055.0,1,2022-04-07 22:55:36
468,rb2210,SHFE,0_0_      889341,空,平今,5055.0,1,2022-04-07 22:55:36
469,rb2210,SHFE,0_0_      889341,空,平今,5055.0,2,2022-04-07 22:55:36
470,rb2210,SHFE,0_0_      889378,多,开,5054.0,4,2022-04-07 22:55:36
471,rb2210,SHFE,0_0_      889379,空,平今,5055.0,4,2022-04-07 22:55:36
472,rb2210,SHFE,0_0_      889441,多,开,5054.0,4,2022-04-07 22:55:36
473,rb2210,SHFE,0_0_      889453,空,平今,5055.0,4,2022-04-07 22:55:36
474,rb2210,SHFE,0_0_      889454,多,开,5054.0,4,2022-04-07 22:55:37
475,rb2210,SHFE,0_0_      889501,多,开,5054.0,4,2022-04-07 22:55:43
476,rb2210,SHFE,0_0_      890296,空,平今,5055.0,4,2022-04-07 22:55:44
477,rb2210,SHFE,0_0_      890375,多,开,5054.0,4,2022-04-07 22:55:47
478,rb2210,SHFE,0_0_      892474,空,平今,5053.0,8,2022-04-07 22:56:02
479,rb2210,SHFE,0_0_      892730,空,开,5052.0,1,2022-04-07 22:56:04
480,rb2210,SHFE,0_0_      892730,空,开,5052.0,1,2022-04-07 22:56:04
481,rb2210,SHFE,0_0_      892730,空,开,5052.0,1,2022-04-07 22:56:04
482,rb2210,SHFE,0_0_      892730,空,开,5052.0,1,2022-04-07 22:56:05
483,rb2210,SHFE,0_0_      894488,多,开,5057.0,1,2022-04-07 22:56:15
484,rb2210,SHFE,0_0_      894488,多,开,5057.0,6,2022-04-07 22:56:15
485,rb2210,SHFE,0_0_      894488,多,开,5057.0,1,2022-04-07 22:56:15
486,rb2210,SHFE,0_0_      884890,空,开,5058.0,2,2022-04-07 22:56:16
487,rb2210,SHFE,0_0_      894594,空,平今,5056.0,1,2022-04-07 22:56:16
488,rb2210,SHFE,0_0_      894594,空,平今,5056.0,1,2022-04-07 22:56:16
489,rb2210,SHFE,0_0_      894594,空,平今,5056.0,4,2022-04-07 22:56:16
490,rb2210,SHFE,0_0_      894594,空,平今,5056.0,2,2022-04-07 22:56:16
491,rb2210,SHFE,0_0_      897395,多,平今,5054.0,2,2022-04-07 22:56:42
492,rb2210,SHFE,0_0_      898213,空,开,5054.0,1,2022-04-07 22:56:50
493,rb2210,SHFE,0_0_      893380,多,平今,5052.0,1,2022-04-07 22:57:02
494,rb2210,SHFE,0_0_      887123,多,平今,5049.0,1,2022-04-07 22:57:19
495,rb2210,SHFE,0_0_      902562,空,开,5050.0,2,2022-04-07 22:57:19
496,rb2210,SHFE,0_0_      902589,多,平今,5049.0,2,2022-04-07 22:57:20
497,rb2210,SHFE,0_0_      902879,空,开,5050.000000000001,2,2022-04-07 22:57:23
498,rb2210,SHFE,0_0_      903222,多,平今,5049.0,4,2022-04-07 22:57:24
499,rb2210,SHFE,0_0_      904821,多,平今,5047.0,1,2022-04-07 22:57:37
500,rb2210,SHFE,0_0_      904821,多,平今,5047.0,1,2022-04-07 22:57:37
501,rb2210,SHFE,0_0_      905103,空,开,5048.0,3,2022-04-07 22:57:38
502,rb2210,SHFE,0_0_      903348,空,开,5050.0,4,2022-04-07 22:57:54
503,rb2210,SHFE,0_0_      906732,多,平今,5049.0,3,2022-04-07 22:57:54
504,rb2210,SHFE,0_0_      906732,多,平今,5049.0,1,2022-04-07 22:57:54
505,rb2210,SHFE,0_0_      907732,空,开,5052.0,1,2022-04-07 22:58:03
506,rb2210,SHFE,0_0_      907732,空,开,5052.0,1,2022-04-07 22:58:03
507,rb2210,SHFE,0_0_      907732,空,开,5052.0,1,2022-04-07 22:58:03
508,rb2210,SHFE,0_0_      907732,空,开,5052.0,1,2022-04-07 22:58:03
509,rb2210,SHFE,0_0_      908000,多,平今,5050.0,1,2022-04-07 22:58:05
510,rb2210,SHFE,0_0_      908328,多,平今,5049.0,4,2022-04-07 22:58:07
511,rb2210,SHFE,0_0_      912801,多,开,5049.000000000001,2,2022-04-07 22:58:38
512,rb2210,SHFE,0_0_      912801,多,开,5049.0,1,2022-04-07 22:58:39
513,rb2210,SHFE,0_0_      912801,多,开,5049.0,1,2022-04-07 22:58:39
514,rb2210,SHFE,0_0_      914380,多,平今,5051.0,3,2022-04-07 22:58:52
515,rb2210,SHFE,0_0_      914549,空,平今,5051.0,4,2022-04-07 22:58:55
516,rb2210,SHFE,0_0_      915072,空,开,5052.0,4,2022-04-07 22:58:59
517,rb2210,SHFE,0_0_     1313431,空,开,5052.0,1,2022-04-08 09:00:14
518,rb2210,SHFE,0_0_     1313528,多,平今,5050.0,2,2022-04-08 09:00:15
519,rb2210,SHFE,0_0_     1313561,空,开,5052.0,3,2022-04-08 09:00:16
520,rb2210,SHFE,0_0_     1313569,多,开,5050.0,4,2022-04-08 09:00:16
521,rb2210,SHFE,0_0_     1313569,多,开,5050.0,2,2022-04-08 09:00:16
522,rb2210,SHFE,0_0_     1313569,多,开,5050.0,2,2022-04-08 09:00:16
523,rb2210,SHFE,0_0_     1313606,空,平今,5051.0,4,2022-04-08 09:00:20
524,rb2210,SHFE,0_0_     1314056,多,平今,5049.0,1,2022-04-08 09:00:29
525,rb2210,SHFE,0_0_     1314399,空,平今,5048.0,3,2022-04-08 09:00:41
526,rb2210,SHFE,0_0_     1314075,空,平今,5050.0,1,2022-04-08 09:00:51
527,rb2210,SHFE,0_0_     1314699,空,开,5049.0,2,2022-04-08 09:00:52
528,rb2210,SHFE,0_0_     1314699,空,开,5049.0,1,2022-04-08 09:00:52
529,rb2210,SHFE,0_0_     1314810,多,开,5050.0,8,2022-04-08 09:00:56
530,rb2210,SHFE,0_0_     1315541,多,平今,5055.0,3,2022-04-08 09:01:26
531,rb2210,SHFE,0_0_     1315549,空,平今,5055.0,1,2022-04-08 09:01:27
532,rb2210,SHFE,0_0_     1315653,多,平今,5054.0,1,2022-04-08 09:01:34
533,rb2210,SHFE,0_0_     1316237,空,平今,5053.0,1,2022-04-08 09:02:09
534,rb2210,SHFE,0_0_     1316569,空,平今,5049.0,4,2022-04-08 09:02:31
535,rb2210,SHFE,0_0_     1314723,多,平今,5048.0,1,2022-04-08 09:02:33
536,rb2210,SHFE,0_0_     1316608,空,平今,5049.0,1,2022-04-08 09:02:33
537,rb2210,SHFE,0_0_     1316609,多,平今,5048.0,1,2022-04-08 09:02:34
538,rb2210,SHFE,0_0_     1316644,空,平今,5049.0,1,2022-04-08 09:02:34
539,rb2210,SHFE,0_0_     1316645,多,平今,5048.0,1,2022-04-08 09:02:36
540,rb2210,SHFE,0_0_     1317312,空,开,5044.0,2,2022-04-08 09:03:00
541,rb2210,SHFE,0_0_     1317312,空,开,5044.0,1,2022-04-08 09:03:00
542,rb2210,SHFE,0_0_     1317317,多,平今,5043.0,3,2022-04-08 09:03:05
543,rb2210,SHFE,0_0_     1317498,空,开,5044.0,3,2022-04-08 09:03:05
544,rb2210,SHFE,0_0_     1317794,多,开,5045.0,4,2022-04-08 09:03:47
545,rb2210,SHFE,0_0_     1319133,空,平今,5046.0,4,2022-04-08 09:03:47
546,rb2210,SHFE,0_0_     1319186,多,平今,5046.0,1,2022-04-08 09:03:48
547,rb2210,SHFE,0_0_     1319149,多,开,5045.0,4,2022-04-08 09:03:50
548,rb2210,SHFE,0_0_     1319262,空,平今,5046.0,4,2022-04-08 09:03:53
549,rb2210,SHFE,0_0_     1319298,空,开,5046.0,2,2022-04-08 09:03:53
550,rb2210,SHFE,0_0_     1319322,多,开,5045.0,6,2022-04-08 09:03:54
551,rb2210,SHFE,0_0_     1319499,空,平今,5046.0,3,2022-04-08 09:03:55
552,rb2210,SHFE,0_0_     1319499,空,平今,5046.0,3,2022-04-08 09:03:55
553,rb2210,SHFE,0_0_     1319515,多,开,5045.0,6,2022-04-08 09:03:55
554,rb2210,SHFE,0_0_     1320530,多,平今,5039.0,5,2022-04-08 09:04:16
555,rb2210,SHFE,0_0_     1321523,空,平今,5036.0,4,2022-04-08 09:04:33
556,rb2210,SHFE,0_0_     1320621,空,开,5040.0,2,2022-04-08 09:05:05
557,rb2210,SHFE,0_0_     1324586,多,平今,5039.0,2,2022-04-08 09:05:05
558,rb2210,SHFE,0_0_     1326242,多,开,5037.0,1,2022-04-08 09:05:16
559,rb2210,SHFE,0_0_     1326317,空,平今,5038.0,3,2022-04-08 09:05:17
560,rb2210,SHFE,0_0_     1326403,多,开,5037.0,3,2022-04-08 09:05:17
561,rb2210,SHFE,0_0_     1327321,空,开,5032.0,1,2022-04-08 09:05:26
562,rb2210,SHFE,0_0_     1327321,空,开,5032.0,1,2022-04-08 09:05:26
563,rb2210,SHFE,0_0_     1327321,空,开,5032.0,1,2022-04-08 09:05:26
564,rb2210,SHFE,0_0_     1329702,空,平今,5029.0,1,2022-04-08 09:05:46
565,rb2210,SHFE,0_0_     1330000,多,平今,5028.0,1,2022-04-08 09:05:48
566,rb2210,SHFE,0_0_     1330204,空,平今,5029.0,1,2022-04-08 09:05:48
567,rb2210,SHFE,0_0_     1330211,多,平今,5028.000000000001,1,2022-04-08 09:05:53
568,rb2210,SHFE,0_0_     1330775,空,平今,5029.0,1,2022-04-08 09:05:53
569,rb2210,SHFE,0_0_     1327416,空,开,5033.000000000001,1,2022-04-08 09:05:57
570,rb2210,SHFE,0_0_     1331239,多,平今,5032.0,1,2022-04-08 09:05:57
571,rb2210,SHFE,0_0_     1331284,多,开,5032.0,1,2022-04-08 09:05:58
572,rb2210,SHFE,0_0_     1331154,多,开,5030.0,2,2022-04-08 09:06:00
573,rb2210,SHFE,0_0_     1331539,空,平今,5031.0,1,2022-04-08 09:06:01
574,rb2210,SHFE,0_0_     1331539,空,平今,5031.0,1,2022-04-08 09:06:01
575,rb2210,SHFE,0_0_     1331720,多,开,5030.0,2,2022-04-08 09:06:01
576,rb2210,SHFE,0_0_     1332327,多,开,5033.0,1,2022-04-08 09:06:07
577,rb2210,SHFE,0_0_     1332932,多,开,5036.0,3,2022-04-08 09:06:14
578,rb2210,SHFE,0_0_     1333071,空,平今,5037.0,4,2022-04-08 09:06:15
579,rb2210,SHFE,0_0_     1333431,空,开,5039.0,2,2022-04-08 09:06:30
580,rb2210,SHFE,0_0_     1333431,空,开,5039.0,1,2022-04-08 09:06:30
581,rb2210,SHFE,0_0_     1333431,空,开,5039.0,1,2022-04-08 09:06:30
582,rb2210,SHFE,0_0_     1334667,多,平今,5038.0,1,2022-04-08 09:06:30
583,rb2210,SHFE,0_0_     1334667,多,平今,5038.0,1,2022-04-08 09:06:30
584,rb2210,SHFE,0_0_     1334667,多,平今,5038.0,1,2022-04-08 09:06:31
585,rb2210,SHFE,0_0_     1334667,多,平今,5038.0,1,2022-04-08 09:06:31
586,rb2210,SHFE,0_0_     1334748,空,平今,5039.0,2,2022-04-08 09:06:32
587,rb2210,SHFE,0_0_     1334867,多,开,5038.0,1,2022-04-08 09:06:32
588,rb2210,SHFE,0_0_     1334867,多,开,5038.0,1,2022-04-08 09:06:33
589,rb2210,SHFE,0_0_     1335149,空,开,5039.0,4,2022-04-08 09:06:39
590,rb2210,SHFE,0_0_     1335502,多,平今,5038.0,1,2022-04-08 09:06:40
591,rb2210,SHFE,0_0_     1335502,多,平今,5038.0,3,2022-04-08 09:06:40
592,rb2210,SHFE,0_0_     1335628,空,开,5039.0,1,2022-04-08 09:06:43
593,rb2210,SHFE,0_0_     1335628,空,开,5039.0,3,2022-04-08 09:06:43
594,rb2210,SHFE,0_0_     1335903,空,平今,5038.000000000001,1,2022-04-08 09:06:44
595,rb2210,SHFE,0_0_     1336422,多,开,5040.0,4,2022-04-08 09:06:49
596,rb2210,SHFE,0_0_     1335943,多,平今,5038.0,3,2022-04-08 09:06:51
597,rb2210,SHFE,0_0_     1336613,空,开,5039.0,3,2022-04-08 09:06:51
598,rb2210,SHFE,0_0_     1336685,空,平今,5039.0,1,2022-04-08 09:06:53
599,rb2210,SHFE,0_0_     1339149,多,平今,5040.0,2,2022-04-08 09:07:17
600,rb2210,SHFE,0_0_     1347348,多,平今,5039.0,2,2022-04-08 09:08:42
601,rb2210,SHFE,0_0_     1347676,空,平今,5040.0,2,2022-04-08 09:08:42
602,rb2210,SHFE,0_0_     1349932,空,平今,5042.0,2,2022-04-08 09:09:04
603,rb2210,SHFE,0_0_     1350413,空,开,5042.0,2,2022-04-08 09:09:09
604,rb2210,SHFE,0_0_     1350732,多,开,5041.0,4,2022-04-08 09:09:10
605,rb2210,SHFE,0_0_     1350848,空,平今,5042.0,4,2022-04-08 09:09:11
606,rb2210,SHFE,0_0_     1351040,多,开,5041.0,2,2022-04-08 09:09:11
607,rb2210,SHFE,0_0_     1351040,多,开,5041.0,2,2022-04-08 09:09:11
608,rb2210,SHFE,0_0_     1351258,空,平今,5041.0,2,2022-04-08 09:09:15
609,rb2210,SHFE,0_0_     1351359,多,平今,5040.0,1,2022-04-08 09:09:16
610,rb2210,SHFE,0_0_     1351359,多,平今,5040.0,1,2022-04-08 09:09:16
611,rb2210,SHFE,0_0_     1351359,多,平今,5040.0,1,2022-04-08 09:09:16
612,rb2210,SHFE,0_0_     1351449,空,平今,5041.0,1,2022-04-08 09:09:19
613,rb2210,SHFE,0_0_     1351449,空,平今,5041.0,1,2022-04-08 09:09:19
614,rb2210,SHFE,0_0_     1355167,多,开,5047.0,2,2022-04-08 09:10:06
615,rb2210,SHFE,0_0_     1358075,空,平今,5048.0,2,2022-04-08 09:10:27
616,rb2210,SHFE,0_0_     1358110,多,开,5047.0,2,2022-04-08 09:10:28
617,rb2210,SHFE,0_0_     1360358,多,开,5048.0,2,2022-04-08 09:10:55
618,rb2210,SHFE,0_0_     1360547,空,平今,5049.000000000001,2,2022-04-08 09:11:04
619,rb2210,SHFE,0_0_     1362352,多,开,5048.0,2,2022-04-08 09:11:10
620,rb2210,SHFE,0_0_     1381603,空,开,5048.0,1,2022-04-08 09:13:25
621,rb2210,SHFE,0_0_     1381603,空,开,5048.0,2,2022-04-08 09:13:25
622,rb2210,SHFE,0_0_     1381603,空,开,5048.0,1,2022-04-08 09:13:25
623,rb2210,SHFE,0_0_     1382024,多,平今,5047.0,4,2022-04-08 09:13:26
624,rb2210,SHFE,0_0_     1382051,空,开,5048.0,4,2022-04-08 09:14:17
625,rb2210,SHFE,0_0_     1380273,空,平今,5049.0,1,2022-04-08 09:14:19
626,rb2210,SHFE,0_0_     1380273,空,平今,5049.0,1,2022-04-08 09:14:19
627,rb2210,SHFE,0_0_     1380273,空,平今,5049.0,1,2022-04-08 09:14:19
628,rb2210,SHFE,0_0_     1380273,空,平今,5049.0,1,2022-04-08 09:14:19
629,rb2210,SHFE,0_0_     1388063,多,平今,5047.0,1,2022-04-08 09:14:46
630,rb2210,SHFE,0_0_     1392590,空,开,5048.0,2,2022-04-08 09:14:47
631,rb2210,SHFE,0_0_     1392906,空,开,5048.0,2,2022-04-08 09:14:49
632,rb2210,SHFE,0_0_     1394101,多,平今,5047.0,3,2022-04-08 09:15:58
633,rb2210,SHFE,0_0_     1401676,空,开,5047.0,4,2022-04-08 09:15:59
634,rb2210,SHFE,0_0_     1403655,空,平今,5047.0,1,2022-04-08 09:16:12
635,rb2210,SHFE,0_0_     1403908,多,平今,5046.000000000001,1,2022-04-08 09:16:14
636,rb2210,SHFE,0_0_     1404146,空,开,5047.0,1,2022-04-08 09:16:15
637,rb2210,SHFE,0_0_     1404226,多,平今,5046.0,1,2022-04-08 09:16:34
638,rb2210,SHFE,0_0_     1406529,空,开,5047.0,1,2022-04-08 09:16:34
639,rb2210,SHFE,0_0_     1406538,多,平今,5046.0,1,2022-04-08 09:16:35
640,rb2210,SHFE,0_0_     1407093,多,平今,5045.0,4,2022-04-08 09:16:41
641,rb2210,SHFE,0_0_     1408198,空,开,5045.0,1,2022-04-08 09:16:46
642,rb2210,SHFE,0_0_     1408198,空,开,5045.0,1,2022-04-08 09:16:46
643,rb2210,SHFE,0_0_     1408198,空,开,5045.0,1,2022-04-08 09:16:46
644,rb2210,SHFE,0_0_     1408882,多,平今,5045.0,2,2022-04-08 09:16:55
645,rb2210,SHFE,0_0_     1409368,多,平今,5045.0,1,2022-04-08 09:16:59
646,rb2210,SHFE,0_0_     1408233,多,平今,5044.0,1,2022-04-08 09:17:42
647,rb2210,SHFE,0_0_     1415359,空,开,5045.0,2,2022-04-08 09:17:43
648,rb2210,SHFE,0_0_     1422019,空,开,5048.0,2,2022-04-08 09:18:44
649,rb2210,SHFE,0_0_     1422132,多,平今,5047.0,5,2022-04-08 09:18:47
650,rb2210,SHFE,0_0_     1422648,空,开,5046.0,1,2022-04-08 09:19:18
651,rb2210,SHFE,0_0_     1422648,空,开,5046.0,1,2022-04-08 09:19:18
652,rb2210,SHFE,0_0_     1429076,多,平今,5046.0,1,2022-04-08 09:19:48
653,rb2210,SHFE,0_0_     1439554,多,平今,5050.0,1,2022-04-08 09:21:04
654,rb2210,SHFE,0_0_     1439157,空,开,5051.0,1,2022-04-08 09:21:06
655,rb2210,SHFE,0_0_     1440657,空,开,5050.0,1,2022-04-08 09:21:10
656,rb2210,SHFE,0_0_     1440657,空,开,5050.0,1,2022-04-08 09:21:10
657,rb2210,SHFE,0_0_     1433558,多,开,5048.0,4,2022-04-08 09:21:11
658,rb2210,SHFE,0_0_     1441014,空,平今,5049.0,4,2022-04-08 09:21:11
659,rb2210,SHFE,0_0_     1441019,空,开,5049.0,1,2022-04-08 09:21:11
660,rb2210,SHFE,0_0_     1445939,多,平今,5047.0,2,2022-04-08 09:21:40
661,rb2210,SHFE,0_0_     1446700,空,开,5046.0,3,2022-04-08 09:21:45
662,rb2210,SHFE,0_0_     1446700,空,开,5046.0,1,2022-04-08 09:21:45
663,rb2210,SHFE,0_0_     1446700,空,开,5046.0,1,2022-04-08 09:21:45
664,rb2210,SHFE,0_0_     1447303,多,平今,5045.0,4,2022-04-08 09:21:54
665,rb2210,SHFE,0_0_     1450947,多,平今,5044.000000000001,2,2022-04-08 09:23:15
666,rb2210,SHFE,0_0_     1458083,多,开,5044.000000000001,3,2022-04-08 09:23:15
667,rb2210,SHFE,0_0_     1458304,空,平今,5044.0,1,2022-04-08 09:23:21
668,rb2210,SHFE,0_0_     1458967,多,开,5044.0,4,2022-04-08 09:23:27
669,rb2210,SHFE,0_0_     1459483,多,平今,5044.0,1,2022-04-08 09:23:28
670,rb2210,SHFE,0_0_     1459484,空,平今,5045.0,1,2022-04-08 09:23:30
671,rb2210,SHFE,0_0_     1459692,空,平今,5045.0,1,2022-04-08 09:23:33
672,rb2210,SHFE,0_0_     1459692,空,平今,5045.0,1,2022-04-08 09:23:33
673,rb2210,SHFE,0_0_     1459692,空,平今,5045.0,1,2022-04-08 09:23:34
674,rb2210,SHFE,0_0_     1459692,空,平今,5045.0,1,2022-04-08 09:23:35
675,rb2210,SHFE,0_0_     1460493,空,开,5045.0,2,2022-04-08 09:23:36
676,rb2210,SHFE,0_0_     1461073,空,平今,5045.0,1,2022-04-08 09:23:37
677,rb2210,SHFE,0_0_     1461256,空,开,5045.0,1,2022-04-08 09:23:42
678,rb2210,SHFE,0_0_     1461256,空,开,5045.0,3,2022-04-08 09:23:42
679,rb2210,SHFE,0_0_     1460911,多,平今,5044.0,1,2022-04-08 09:23:46
680,rb2210,SHFE,0_0_     1462842,多,平今,5045.0,3,2022-04-08 09:23:54
681,rb2210,SHFE,0_0_     1462589,多,平今,5044.0,3,2022-04-08 09:24:14
682,rb2210,SHFE,0_0_     1466048,空,开,5045.0,4,2022-04-08 09:24:16
683,rb2210,SHFE,0_0_     1467783,空,开,5047.0,3,2022-04-08 09:24:30
684,rb2210,SHFE,0_0_     1471364,空,开,5045.0,1,2022-04-08 09:24:50
685,rb2210,SHFE,0_0_     1471629,多,平今,5045.0,4,2022-04-08 09:24:57
686,rb2210,SHFE,0_0_     1472655,空,开,5045.0,3,2022-04-08 09:24:58
687,rb2210,SHFE,0_0_     1472794,多,平今,5045.0,1,2022-04-08 09:25:32
688,rb2210,SHFE,0_0_     1480953,多,平今,5039.0,6,2022-04-08 09:26:07
689,rb2210,SHFE,0_0_     1481748,空,开,5040.0,1,2022-04-08 09:26:09
690,rb2210,SHFE,0_0_     1481748,空,开,5040.0,1,2022-04-08 09:26:09
691,rb2210,SHFE,0_0_     1481748,空,开,5040.0,1,2022-04-08 09:26:09
692,rb2210,SHFE,0_0_     1481877,多,平今,5039.0,3,2022-04-08 09:26:09
693,rb2210,SHFE,0_0_     1486665,空,开,5040.0,3,2022-04-08 09:26:44
694,rb2210,SHFE,0_0_     1491802,多,平今,5036.0,3,2022-04-08 09:27:32
695,rb2210,SHFE,0_0_     1491916,空,开,5036.0,4,2022-04-08 09:27:33
696,rb2210,SHFE,0_0_     1500205,空,开,5045.0,2,2022-04-08 09:28:58
697,rb2210,SHFE,0_0_     1500470,多,平今,5044.0,2,2022-04-08 09:29:07
698,rb2210,SHFE,0_0_     1501168,空,开,5045.0,2,2022-04-08 09:29:57
699,rb2210,SHFE,0_0_     1508001,多,平今,5045.0,1,2022-04-08 09:30:02
700,rb2210,SHFE,0_0_     1507620,多,平今,5044.0,2,2022-04-08 09:30:03
701,rb2210,SHFE,0_0_     1508436,空,开,5046.0,1,2022-04-08 09:31:04
702,rb2210,SHFE,0_0_     1508436,空,开,5046.0,2,2022-04-08 09:31:05
703,rb2210,SHFE,0_0_     1524031,多,开,5053.0,4,2022-04-08 09:32:09
704,rb2210,SHFE,0_0_     1525010,空,平今,5055.0,4,2022-04-08 09:32:14
705,rb2210,SHFE,0_0_     1525051,多,平今,5054.0,4,2022-04-08 09:32:17
706,rb2210,SHFE,0_0_     1528003,多,开,5052.0,6,2022-04-08 09:32:43
707,rb2210,SHFE,0_0_     1528788,空,平今,5052.0,1,2022-04-08 09:32:58
708,rb2210,SHFE,0_0_     1528788,空,平今,5052.0,1,2022-04-08 09:32:58
709,rb2210,SHFE,0_0_     1531830,空,平今,5051.0,4,2022-04-08 09:33:27
710,rb2210,SHFE,0_0_     1532491,空,开,5051.0,1,2022-04-08 09:33:55
711,rb2210,SHFE,0_0_     1534518,多,平今,5050.0,1,2022-04-08 09:33:55
712,rb2210,SHFE,0_0_     1534562,空,开,5051.0,1,2022-04-08 09:34:09
713,rb2210,SHFE,0_0_     1536845,多,平今,5053.0,1,2022-04-08 09:34:21
714,rb2210,SHFE,0_0_     1537795,多,平今,5054.0,2,2022-04-08 09:34:23
715,rb2210,SHFE,0_0_     1525475,空,开,5055.0,4,2022-04-08 09:34:24
716,rb2210,SHFE,0_0_     1538698,多,开,5055.0,1,2022-04-08 09:34:29
717,rb2210,SHFE,0_0_     1538698,多,开,5055.0,1,2022-04-08 09:34:29
718,rb2210,SHFE,0_0_     1538698,多,开,5055.0,3,2022-04-08 09:34:29
719,rb2210,SHFE,0_0_     1540177,空,平今,5058.0,3,2022-04-08 09:34:43
720,rb2210,SHFE,0_0_     1541336,空,平今,5057.0,1,2022-04-08 09:34:49
721,rb2210,SHFE,0_0_     1537909,多,平今,5054.0,1,2022-04-08 09:35:02
722,rb2210,SHFE,0_0_     1537909,多,平今,5054.0,2,2022-04-08 09:35:03
723,rb2210,SHFE,0_0_     1537909,多,平今,5054.0,1,2022-04-08 09:35:03
724,rb2210,SHFE,0_0_     1543221,空,平今,5055.0,1,2022-04-08 09:35:05
725,rb2210,SHFE,0_0_     1537973,多,开,5054.0,3,2022-04-08 09:35:05
726,rb2210,SHFE,0_0_     1543757,空,开,5055.0,1,2022-04-08 09:35:16
727,rb2210,SHFE,0_0_     1543757,空,开,5055.0,1,2022-04-08 09:35:16
728,rb2210,SHFE,0_0_     1543757,空,开,5055.0,1,2022-04-08 09:35:17
729,rb2210,SHFE,0_0_     1543757,空,开,5055.0,1,2022-04-08 09:35:17
730,rb2210,SHFE,0_0_     1543757,空,开,5055.0,1,2022-04-08 09:35:17
731,rb2210,SHFE,0_0_     1545164,空,平今,5055.0,3,2022-04-08 09:35:23
732,rb2210,SHFE,0_0_     1545775,多,平今,5054.000000000001,1,2022-04-08 09:35:29
733,rb2210,SHFE,0_0_     1549367,多,开,5055.0,5,2022-04-08 09:36:06
734,rb2210,SHFE,0_0_     1549616,空,平今,5055.0,3,2022-04-08 09:36:12
735,rb2210,SHFE,0_0_     1549616,空,平今,5055.0,1,2022-04-08 09:36:12
736,rb2210,SHFE,0_0_     1552423,空,开,5052.0,3,2022-04-08 09:36:32
737,rb2210,SHFE,0_0_     1553082,多,平今,5051.0,3,2022-04-08 09:36:36
738,rb2210,SHFE,0_0_     1563151,多,平今,5050.0,4,2022-04-08 09:38:25
739,rb2210,SHFE,0_0_     1564596,空,平今,5049.0,1,2022-04-08 09:38:40
740,rb2210,SHFE,0_0_     1584457,多,开,5058.0,1,2022-04-08 09:41:44
741,rb2210,SHFE,0_0_     1584457,多,开,5058.0,1,2022-04-08 09:41:44
742,rb2210,SHFE,0_0_     1584457,多,开,5058.0,2,2022-04-08 09:41:44
743,rb2210,SHFE,0_0_     1584597,多,开,5058.0,1,2022-04-08 09:41:45
744,rb2210,SHFE,0_0_     1584597,多,开,5058.0,1,2022-04-08 09:41:45
745,rb2210,SHFE,0_0_     1584597,多,开,5058.0,1,2022-04-08 09:41:46
746,rb2210,SHFE,0_0_     1584597,多,开,5058.0,1,2022-04-08 09:41:46
747,rb2210,SHFE,0_0_     1584888,空,平今,5059.0,1,2022-04-08 09:41:46
748,rb2210,SHFE,0_0_     1584914,空,平今,5059.0,3,2022-04-08 09:41:47
749,rb2210,SHFE,0_0_     1584947,多,开,5058.0,1,2022-04-08 09:42:05
750,rb2210,SHFE,0_0_     1586549,空,平今,5058.0,4,2022-04-08 09:42:28
751,rb2210,SHFE,0_0_     1589631,多,开,5058.0,1,2022-04-08 09:42:33
752,rb2210,SHFE,0_0_     1589631,多,开,5058.0,1,2022-04-08 09:42:33
753,rb2210,SHFE,0_0_     1589631,多,开,5058.0,1,2022-04-08 09:42:33
754,rb2210,SHFE,0_0_     1590150,多,开,5058.0,1,2022-04-08 09:42:36
755,rb2210,SHFE,0_0_     1592212,空,平今,5058.0,4,2022-04-08 09:43:00
756,rb2210,SHFE,0_0_     1594828,空,开,5059.000000000001,2,2022-04-08 09:43:17
757,rb2210,SHFE,0_0_     1595704,多,平今,5058.0,2,2022-04-08 09:43:20
758,rb2210,SHFE,0_0_     1596775,多,开,5057.0,2,2022-04-08 09:43:27
759,rb2210,SHFE,0_0_     1596938,空,平今,5057.0,2,2022-04-08 09:43:29
760,rb2210,SHFE,0_0_     1598454,多,开,5057.0,1,2022-04-08 09:43:41
761,rb2210,SHFE,0_0_     1603959,多,开,5057.0,4,2022-04-08 09:44:24
762,rb2210,SHFE,0_0_     1604346,空,平今,5057.0,3,2022-04-08 09:44:26
763,rb2210,SHFE,0_0_     1604401,多,开,5056.0,1,2022-04-08 09:44:31
764,rb2210,SHFE,0_0_     1605306,空,平今,5057.0,1,2022-04-08 09:44:37
765,rb2210,SHFE,0_0_     1605587,多,开,5056.0,1,2022-04-08 09:44:37
766,rb2210,SHFE,0_0_     1605587,多,开,5056.0,1,2022-04-08 09:44:37
767,rb2210,SHFE,0_0_     1605587,多,开,5056.0,2,2022-04-08 09:44:37
768,rb2210,SHFE,0_0_     1605594,空,开,5057.0,3,2022-04-08 09:44:38
769,rb2210,SHFE,0_0_     1605594,空,开,5057.0,2,2022-04-08 09:44:39
770,rb2210,SHFE,0_0_     1595994,空,开,5059.0,3,2022-04-08 09:44:57
771,rb2210,SHFE,0_0_     1611775,多,平今,5060.0,6,2022-04-08 09:45:21
772,rb2210,SHFE,0_0_     1611775,多,平今,5060.0,1,2022-04-08 09:45:21
773,rb2210,SHFE,0_0_     1613120,空,平今,5063.0,4,2022-04-08 09:45:35
774,rb2210,SHFE,0_0_     1613427,多,开,5064.0,5,2022-04-08 09:45:36
775,rb2210,SHFE,0_0_     1613811,空,平今,5064.0,3,2022-04-08 09:45:41
776,rb2210,SHFE,0_0_     1615356,空,开,5062.0,7,2022-04-08 09:45:54
777,rb2210,SHFE,0_0_     1615770,多,平今,5063.0,3,2022-04-08 09:45:57
778,rb2210,SHFE,0_0_     1616040,空,平今,5063.0,2,2022-04-08 09:46:00
779,rb2210,SHFE,0_0_     1616040,空,平今,5063.0,2,2022-04-08 09:46:00
780,rb2210,SHFE,0_0_     1615497,多,平今,5061.0,4,2022-04-08 09:46:06
781,rb2210,SHFE,0_0_     1617070,空,平今,5061.0,1,2022-04-08 09:46:11
782,rb2210,SHFE,0_0_     1619021,空,开,5060.0,2,2022-04-08 09:46:55
783,rb2210,SHFE,0_0_     1619021,空,开,5060.0,1,2022-04-08 09:46:55
784,rb2210,SHFE,0_0_     1619021,空,开,5060.0,1,2022-04-08 09:46:56
785,rb2210,SHFE,0_0_     1619021,空,开,5060.0,1,2022-04-08 09:46:57
786,rb2210,SHFE,0_0_     1606052,多,平今,5056.0,1,2022-04-08 09:47:06
787,rb2210,SHFE,0_0_     1621667,多,平今,5056.0,3,2022-04-08 09:49:04
788,rb2210,SHFE,0_0_     1638392,空,开,5049.0,2,2022-04-08 09:49:43
789,rb2210,SHFE,0_0_     1644582,空,开,5045.0,1,2022-04-08 09:50:33
790,rb2210,SHFE,0_0_     1659816,多,平今,5047.0,4,2022-04-08 09:53:18
791,rb2210,SHFE,0_0_     1673818,空,开,5049.0,1,2022-04-08 09:55:44
792,rb2210,SHFE,0_0_     1674150,多,开,5049.0,2,2022-04-08 09:56:13
793,rb2210,SHFE,0_0_     1644821,多,平今,5044.0,1,2022-04-08 09:58:31
794,rb2210,SHFE,0_0_     1685210,空,开,5045.0,1,2022-04-08 09:58:32
795,rb2210,SHFE,0_0_     1688185,多,平今,5045.0,1,2022-04-08 09:59:08
796,rb2210,SHFE,0_0_     1688461,空,开,5045.0,1,2022-04-08 09:59:15
797,rb2210,SHFE,0_0_     1690107,空,平今,5040.0,1,2022-04-08 09:59:29
798,rb2210,SHFE,0_0_     1690107,空,平今,5040.0,1,2022-04-08 09:59:29
799,rb2210,SHFE,0_0_     1691002,空,开,5040.0,1,2022-04-08 09:59:37
800,rb2210,SHFE,0_0_     1693090,多,平今,5037.0,1,2022-04-08 09:59:54
801,rb2210,SHFE,0_0_     1693931,空,开,5037.0,2,2022-04-08 10:00:02
802,rb2210,SHFE,0_0_     1697059,多,开,5039.0,1,2022-04-08 10:00:21
803,rb2210,SHFE,0_0_     1697059,多,开,5039.0,3,2022-04-08 10:00:21
804,rb2210,SHFE,0_0_     1705959,多,平今,5041.0,2,2022-04-08 10:01:54
805,rb2210,SHFE,0_0_     1716149,空,开,5040.0,1,2022-04-08 10:03:09
806,rb2210,SHFE,0_0_     1716149,空,开,5040.0,2,2022-04-08 10:03:09
807,rb2210,SHFE,0_0_     1716149,空,开,5040.0,1,2022-04-08 10:03:09
808,rb2210,SHFE,0_0_     1716149,空,开,5040.0,2,2022-04-08 10:03:09
809,rb2210,SHFE,0_0_     1717666,多,平今,5039.0,1,2022-04-08 10:03:29
810,rb2210,SHFE,0_0_     1723603,多,平今,5038.0,3,2022-04-08 10:04:26
811,rb2210,SHFE,0_0_     1728094,空,开,5036.0,3,2022-04-08 10:05:08
812,rb2210,SHFE,0_0_     1728529,多,平今,5036.0,2,2022-04-08 10:05:08
813,rb2210,SHFE,0_0_     1728405,多,平今,5035.0,3,2022-04-08 10:05:57
814,rb2210,SHFE,0_0_     1734131,空,开,5034.0,3,2022-04-08 10:06:00
815,rb2210,SHFE,0_0_     1734137,多,平今,5033.0,3,2022-04-08 10:06:00
816,rb2210,SHFE,0_0_     1734246,多,平今,5033.0,1,2022-04-08 10:06:01
817,rb2210,SHFE,0_0_     1734247,空,开,5034.0,1,2022-04-08 10:06:01
818,rb2210,SHFE,0_0_     1734259,多,平今,5033.0,1,2022-04-08 10:06:01
819,rb2210,SHFE,0_0_     1734326,空,开,5033.0,1,2022-04-08 10:06:03
820,rb2210,SHFE,0_0_     1734388,多,平今,5032.0,1,2022-04-08 10:06:07
821,rb2210,SHFE,0_0_     1734686,空,开,5033.0,1,2022-04-08 10:06:08
822,rb2210,SHFE,0_0_     1734801,多,平今,5032.0,1,2022-04-08 10:06:08
823,rb2210,SHFE,0_0_     1734810,空,开,5033.0,1,2022-04-08 10:06:09
824,rb2210,SHFE,0_0_     1741548,空,平今,5028.0,4,2022-04-08 10:06:57
825,rb2210,SHFE,0_0_     1741586,多,开,5027.0,1,2022-04-08 10:06:57
826,rb2210,SHFE,0_0_     1741586,多,开,5027.0,1,2022-04-08 10:06:57
827,rb2210,SHFE,0_0_     1741586,多,开,5027.0,2,2022-04-08 10:06:57
828,rb2210,SHFE,0_0_     1741625,空,平今,5028.0,4,2022-04-08 10:06:57
829,rb2210,SHFE,0_0_     1741900,多,平今,5030.0,2,2022-04-08 10:06:59
830,rb2210,SHFE,0_0_     1752772,空,开,5036.0,4,2022-04-08 10:08:36
831,rb2210,SHFE,0_0_     1752922,多,平今,5035.0,1,2022-04-08 10:08:38
832,rb2210,SHFE,0_0_     1752922,多,平今,5035.0,1,2022-04-08 10:08:39
833,rb2210,SHFE,0_0_     1752922,多,平今,5035.0,1,2022-04-08 10:08:39
834,rb2210,SHFE,0_0_     1752922,多,平今,5035.0,1,2022-04-08 10:08:39
835,rb2210,SHFE,0_0_     1755408,空,开,5035.0,1,2022-04-08 10:08:58
836,rb2210,SHFE,0_0_     1755556,多,平今,5034.0,1,2022-04-08 10:09:02
837,rb2210,SHFE,0_0_     1755909,空,开,5035.0,1,2022-04-08 10:09:02
838,rb2210,SHFE,0_0_     1755929,多,平今,5034.0,1,2022-04-08 10:09:03
839,rb2210,SHFE,0_0_     1756036,空,开,5035.0,3,2022-04-08 10:09:03
840,rb2210,SHFE,0_0_     1756037,多,平今,5034.0,3,2022-04-08 10:09:04
841,rb2210,SHFE,0_0_     1756127,空,开,5035.0,3,2022-04-08 10:09:04
842,rb2210,SHFE,0_0_     1756128,多,平今,5034.0,3,2022-04-08 10:09:22
843,rb2210,SHFE,0_0_     1758366,空,开,5035.0,1,2022-04-08 10:09:22
844,rb2210,SHFE,0_0_     1758366,空,开,5035.0,2,2022-04-08 10:09:22
845,rb2210,SHFE,0_0_     1758474,多,平今,5034.0,3,2022-04-08 10:09:27
846,rb2210,SHFE,0_0_     1759100,空,开,5035.0,2,2022-04-08 10:10:47
847,rb2210,SHFE,0_0_     1777434,空,开,5034.0,1,2022-04-08 10:12:41
848,rb2210,SHFE,0_0_     1777434,空,开,5033.0,3,2022-04-08 10:12:41
849,rb2210,SHFE,0_0_     1749901,多,开,5030.0,2,2022-04-08 10:12:51
850,rb2210,SHFE,0_0_     1749901,多,开,5030.0,1,2022-04-08 10:12:51
851,rb2210,SHFE,0_0_     1749901,多,开,5030.0,1,2022-04-08 10:12:51
852,rb2210,SHFE,0_0_     1778698,空,平今,5031.0,1,2022-04-08 10:12:51
853,rb2210,SHFE,0_0_     1778698,空,平今,5031.0,3,2022-04-08 10:12:51
854,rb2210,SHFE,0_0_     1783208,多,开,5023.0,8,2022-04-08 10:13:25
855,rb2210,SHFE,0_0_     1783373,空,平今,5025.0,4,2022-04-08 10:13:48
856,rb2210,SHFE,0_0_     1787909,空,平今,5023.0,1,2022-04-08 10:13:59
857,rb2210,SHFE,0_0_     1791508,空,平今,5016.0,1,2022-04-08 10:30:14
858,rb2210,SHFE,0_0_     1791510,多,平今,5015.0,1,2022-04-08 10:30:16
859,rb2210,SHFE,0_0_     1791528,多,平今,5014.0,1,2022-04-08 10:30:16
860,rb2210,SHFE,0_0_     1791528,多,平今,5014.0,1,2022-04-08 10:30:17
861,rb2210,SHFE,0_0_     1791528,多,平今,5014.0,1,2022-04-08 10:30:17
862,rb2210,SHFE,0_0_     1791528,多,平今,5014.0,1,2022-04-08 10:30:17
863,rb2210,SHFE,0_0_     1791538,多,开,5014.0,4,2022-04-08 10:30:17
864,rb2210,SHFE,0_0_     1791634,空,开,5013.0,4,2022-04-08 10:30:24
865,rb2210,SHFE,0_0_     1791656,空,开,5013.0,1,2022-04-08 10:30:25
866,rb2210,SHFE,0_0_     1791656,空,开,5013.0,2,2022-04-08 10:30:25
867,rb2210,SHFE,0_0_     1791539,空,平今,5015.0,1,2022-04-08 10:30:32
868,rb2210,SHFE,0_0_     1792433,多,平今,5015.0,2,2022-04-08 10:30:52
869,rb2210,SHFE,0_0_     1792508,多,平今,5015.0,1,2022-04-08 10:30:53
870,rb2210,SHFE,0_0_     1792631,空,平今,5016.0,4,2022-04-08 10:30:56
871,rb2210,SHFE,0_0_     1798165,空,平今,5016.000000000001,1,2022-04-08 10:32:39
872,rb2210,SHFE,0_0_     1798286,多,平今,5016.0,3,2022-04-08 10:32:39
873,rb2210,SHFE,0_0_     1798286,多,平今,5016.0,1,2022-04-08 10:32:39
874,rb2210,SHFE,0_0_     1798310,多,开,5016.0,4,2022-04-08 10:32:41
875,rb2210,SHFE,0_0_     1798468,多,开,5016.0,2,2022-04-08 10:32:41
876,rb2210,SHFE,0_0_     1799463,多,平今,5015.0,1,2022-04-08 10:32:55
877,rb2210,SHFE,0_0_     1799842,空,平今,5014.0,2,2022-04-08 10:33:01
878,rb2210,SHFE,0_0_     1801182,空,开,5014.0,8,2022-04-08 10:33:14
879,rb2210,SHFE,0_0_     1799496,空,平今,5016.0,2,2022-04-08 10:33:33
880,rb2210,SHFE,0_0_     1799496,空,平今,5016.0,2,2022-04-08 10:33:33
881,rb2210,SHFE,0_0_     1803796,多,平今,5015.0,1,2022-04-08 10:33:40
882,rb2210,SHFE,0_0_     1803796,多,平今,5015.0,1,2022-04-08 10:33:40
883,rb2210,SHFE,0_0_     1803796,多,平今,5015.0,1,2022-04-08 10:33:40
884,rb2210,SHFE,0_0_     1805162,多,开,5018.0,8,2022-04-08 10:33:52
885,rb2210,SHFE,0_0_     1805633,空,平今,5019.0,4,2022-04-08 10:33:57
886,rb2210,SHFE,0_0_     1806934,多,平今,5022.0,5,2022-04-08 10:34:15
887,rb2210,SHFE,0_0_     1808047,空,平今,5023.0,4,2022-04-08 10:34:17
888,rb2210,SHFE,0_0_     1810794,空,开,5023.0,8,2022-04-08 10:34:49
889,rb2210,SHFE,0_0_     1811164,多,平今,5023.0,1,2022-04-08 10:34:49
890,rb2210,SHFE,0_0_     1811164,多,平今,5023.0,7,2022-04-08 10:34:49
891,rb2210,SHFE,0_0_     1811281,多,开,5024.0,2,2022-04-08 10:35:05
892,rb2210,SHFE,0_0_     1812553,空,平今,5025.0,2,2022-04-08 10:35:11
893,rb2210,SHFE,0_0_     1813302,多,开,5024.0,2,2022-04-08 10:35:12
894,rb2210,SHFE,0_0_     1815368,空,开,5021.0,7,2022-04-08 10:35:27
895,rb2210,SHFE,0_0_     1815618,多,平今,5019.0,4,2022-04-08 10:35:29
896,rb2210,SHFE,0_0_     1820712,空,开,5019.0,4,2022-04-08 10:36:02
897,rb2210,SHFE,0_0_     1823603,多,开,5023.0,6,2022-04-08 10:36:29
898,rb2210,SHFE,0_0_     1822317,多,平今,5020.0,1,2022-04-08 10:36:59
899,rb2210,SHFE,0_0_     1822317,多,平今,5020.0,1,2022-04-08 10:37:00
900,rb2210,SHFE,0_0_     1827350,空,平今,5023.0,2,2022-04-08 10:37:10
901,rb2210,SHFE,0_0_     1828598,多,平今,5022.0,2,2022-04-08 10:37:13
902,rb2210,SHFE,0_0_     1822317,多,平今,5020.0,3,2022-04-08 10:37:35
903,rb2210,SHFE,0_0_     1833177,多,开,5022.0,2,2022-04-08 10:37:49
904,rb2210,SHFE,0_0_     1837896,空,开,5018.0,1,2022-04-08 10:38:17
905,rb2210,SHFE,0_0_     1837896,空,开,5018.0,1,2022-04-08 10:38:17
906,rb2210,SHFE,0_0_     1837896,空,开,5018.0,1,2022-04-08 10:38:17
907,rb2210,SHFE,0_0_     1837896,空,开,5018.0,1,2022-04-08 10:38:17
908,rb2210,SHFE,0_0_     1837896,空,开,5018.0,1,2022-04-08 10:38:17
909,rb2210,SHFE,0_0_     1837896,空,开,5018.0,3,2022-04-08 10:38:17
910,rb2210,SHFE,0_0_     1842348,空,平今,5014.0,4,2022-04-08 10:38:57
911,rb2210,SHFE,0_0_     1842819,多,平今,5014.0,2,2022-04-08 10:38:57
912,rb2210,SHFE,0_0_     1843291,多,平今,5014.0,1,2022-04-08 10:39:01
913,rb2210,SHFE,0_0_     1846981,多,平今,5011.0,1,2022-04-08 10:39:35
914,rb2210,SHFE,0_0_     1847113,多,平今,5011.0,1,2022-04-08 10:39:36
915,rb2210,SHFE,0_0_     1847293,空,开,5012.0,4,2022-04-08 10:39:39
916,rb2210,SHFE,0_0_     1848591,多,平今,5009.0,3,2022-04-08 10:39:46
917,rb2210,SHFE,0_0_     1848878,多,平今,5009.0,2,2022-04-08 10:39:53
918,rb2210,SHFE,0_0_     1859903,空,平今,5015.0,1,2022-04-08 10:41:09
919,rb2210,SHFE,0_0_     1872056,空,平今,5018.0,1,2022-04-08 10:42:55
920,rb2210,SHFE,0_0_     1873553,多,开,5021.0,4,2022-04-08 10:43:09
921,rb2210,SHFE,0_0_     1877874,空,平今,5022.0,4,2022-04-08 10:43:35
922,rb2210,SHFE,0_0_     1878053,空,开,5022.0,3,2022-04-08 10:43:36
923,rb2210,SHFE,0_0_     1878675,多,开,5021.0,4,2022-04-08 10:43:49
924,rb2210,SHFE,0_0_     1878900,空,平今,5022.0,3,2022-04-08 10:43:52
925,rb2210,SHFE,0_0_     1879074,多,开,5021.0,4,2022-04-08 10:43:53
926,rb2210,SHFE,0_0_     1879398,多,平今,5021.0,1,2022-04-08 10:43:56
927,rb2210,SHFE,0_0_     1879956,空,平今,5021.0,4,2022-04-08 10:44:02
928,rb2210,SHFE,0_0_     1880744,多,开,5021.0,1,2022-04-08 10:44:08
929,rb2210,SHFE,0_0_     1880744,多,开,5021.0,1,2022-04-08 10:44:08
930,rb2210,SHFE,0_0_     1880744,多,开,5021.0,1,2022-04-08 10:44:08
931,rb2210,SHFE,0_0_     1880744,多,开,5021.0,1,2022-04-08 10:44:09
932,rb2210,SHFE,0_0_     1880744,多,开,5021.0,1,2022-04-08 10:44:09
933,rb2210,SHFE,0_0_     1881772,空,平今,5020.0,4,2022-04-08 10:44:13
934,rb2210,SHFE,0_0_     1881826,空,平今,5021.0,2,2022-04-08 10:44:15
935,rb2210,SHFE,0_0_     1873437,多,平今,5019.0,2,2022-04-08 10:44:19
936,rb2210,SHFE,0_0_     1888095,空,平今,5010.0,1,2022-04-08 10:45:06
937,rb2210,SHFE,0_0_     1888531,多,开,5009.0,4,2022-04-08 10:45:08
938,rb2210,SHFE,0_0_     1895356,空,平今,5015.0,3,2022-04-08 10:45:55
939,rb2210,SHFE,0_0_     1895407,多,开,5014.0,3,2022-04-08 10:45:56
940,rb2210,SHFE,0_0_     1895485,空,平今,5015.0,3,2022-04-08 10:45:56
941,rb2210,SHFE,0_0_     1897504,多,平今,5017.0,1,2022-04-08 10:46:13
942,rb2210,SHFE,0_0_     1897504,多,平今,5017.0,1,2022-04-08 10:46:13
943,rb2210,SHFE,0_0_     1895486,多,开,5014.0,3,2022-04-08 10:46:24
944,rb2210,SHFE,0_0_     1898637,空,开,5015.0,4,2022-04-08 10:46:24
945,rb2210,SHFE,0_0_     1898675,空,平今,5015.0,4,2022-04-08 10:46:26
946,rb2210,SHFE,0_0_     1899542,空,开,5015.0,1,2022-04-08 10:46:32
947,rb2210,SHFE,0_0_     1900053,多,开,5016.0,4,2022-04-08 10:46:41
948,rb2210,SHFE,0_0_     1900053,多,开,5016.0,3,2022-04-08 10:46:41
949,rb2210,SHFE,0_0_     1900250,空,平今,5017.0,1,2022-04-08 10:46:43
950,rb2210,SHFE,0_0_     1900250,空,平今,5017.0,1,2022-04-08 10:46:44
951,rb2210,SHFE,0_0_     1900250,空,平今,5017.0,1,2022-04-08 10:46:44
952,rb2210,SHFE,0_0_     1900250,空,平今,5017.0,1,2022-04-08 10:46:44
953,rb2210,SHFE,0_0_     1902109,空,平今,5015.0,1,2022-04-08 10:47:03
954,rb2210,SHFE,0_0_     1902851,多,平今,5016.0,1,2022-04-08 10:47:35
955,rb2210,SHFE,0_0_     1906680,空,平今,5017.0,1,2022-04-08 10:47:38
956,rb2210,SHFE,0_0_     1917801,空,平今,5019.0,1,2022-04-08 10:50:17
957,rb2210,SHFE,0_0_     1920845,多,平今,5018.0,2,2022-04-08 10:50:22
958,rb2210,SHFE,0_0_     1921256,空,平今,5018.0,1,2022-04-08 10:50:23
959,rb2210,SHFE,0_0_     1922391,空,开,5014.0,2,2022-04-08 10:50:32
960,rb2210,SHFE,0_0_     1922391,空,开,5014.0,1,2022-04-08 10:50:33
961,rb2210,SHFE,0_0_     1922391,空,开,5014.0,1,2022-04-08 10:50:33
962,rb2210,SHFE,0_0_     1922956,空,开,5014.000000000001,1,2022-04-08 10:51:04
963,rb2210,SHFE,0_0_     1927466,多,平今,5013.0,2,2022-04-08 10:51:10
964,rb2210,SHFE,0_0_     1931658,多,平今,5011.0,1,2022-04-08 10:51:49
965,rb2210,SHFE,0_0_     1931868,空,开,5010.0,2,2022-04-08 10:51:53
966,rb2210,SHFE,0_0_     1931868,空,开,5010.0,1,2022-04-08 10:51:53
967,rb2210,SHFE,0_0_     1932183,多,平今,5009.0,3,2022-04-08 10:52:08
968,rb2210,SHFE,0_0_     1933591,空,开,5010.0,3,2022-04-08 10:52:18
969,rb2210,SHFE,0_0_     1934739,多,平今,5009.0,3,2022-04-08 10:52:23
970,rb2210,SHFE,0_0_     1935263,多,平今,5009.0,3,2022-04-08 10:52:29
971,rb2210,SHFE,0_0_     1935414,空,开,5010.0,3,2022-04-08 10:52:34
972,rb2210,SHFE,0_0_     1935987,多,平今,5009.0,2,2022-04-08 10:52:40
973,rb2210,SHFE,0_0_     1935987,多,平今,5009.0,2,2022-04-08 10:52:40
974,rb2210,SHFE,0_0_     1937418,多,开,5006.0,8,2022-04-08 10:52:54
975,rb2210,SHFE,0_0_     1937495,空,平今,5007.000000000001,4,2022-04-08 10:52:55
976,rb2210,SHFE,0_0_     1938226,空,平今,5005.0,4,2022-04-08 10:53:04
977,rb2210,SHFE,0_0_     1938269,空,开,5005.0,3,2022-04-08 10:53:06
978,rb2210,SHFE,0_0_     1938349,多,平今,5005.0,1,2022-04-08 10:53:07
979,rb2210,SHFE,0_0_     1938543,多,开,5005.0,1,2022-04-08 10:53:45
980,rb2210,SHFE,0_0_     1945757,多,开,5003.0,6,2022-04-08 10:54:18
981,rb2210,SHFE,0_0_     1945860,空,平今,5002.0,4,2022-04-08 10:54:19
982,rb2210,SHFE,0_0_     1946403,空,开,5001.0,6,2022-04-08 10:54:23
983,rb2210,SHFE,0_0_     1946838,多,平今,5001.0,3,2022-04-08 10:54:25
984,rb2210,SHFE,0_0_     1947926,空,平今,5003.0,1,2022-04-08 10:54:35
985,rb2210,SHFE,0_0_     1948102,多,平今,5003.0,4,2022-04-08 10:54:36
986,rb2210,SHFE,0_0_     1948200,空,开,5004.0,2,2022-04-08 10:54:36
987,rb2210,SHFE,0_0_     1948216,多,开,5003.000000000001,6,2022-04-08 10:54:43
988,rb2210,SHFE,0_0_     1949110,空,平今,5004.0,6,2022-04-08 10:54:43
989,rb2210,SHFE,0_0_     1949119,多,开,5003.0,6,2022-04-08 10:54:43
990,rb2210,SHFE,0_0_     1949136,空,平今,5004.0,1,2022-04-08 10:54:44
991,rb2210,SHFE,0_0_     1949136,空,平今,5004.0,1,2022-04-08 10:54:44
992,rb2210,SHFE,0_0_     1949136,空,平今,5004.0,1,2022-04-08 10:54:44
993,rb2210,SHFE,0_0_     1949136,空,平今,5004.0,3,2022-04-08 10:54:44
994,rb2210,SHFE,0_0_     1949222,多,开,5003.0,6,2022-04-08 10:54:44
995,rb2210,SHFE,0_0_     1951497,空,平今,5001.0,2,2022-04-08 10:55:00
996,rb2210,SHFE,0_0_     1953647,空,平今,5003.0,2,2022-04-08 10:55:11
997,rb2210,SHFE,0_0_     1953740,多,平今,5003.0,1,2022-04-08 10:55:13
998,rb2210,SHFE,0_0_     1954350,多,开,5005.0,4,2022-04-08 10:55:22
999,rb2210,SHFE,0_0_     1957435,空,平今,5008.0,1,2022-04-08 10:55:51
1000,rb2210,SHFE,0_0_     1957435,空,平今,5008.0,1,2022-04-08 10:55:51
1001,rb2210,SHFE,0_0_     1956687,多,平今,5007.0,1,2022-04-08 10:55:51
1002,rb2210,SHFE,0_0_     1957831,多,开,5007.0,2,2022-04-08 10:55:56
1003,rb2210,SHFE,0_0_     1958103,多,平今,5006.0,1,2022-04-08 10:55:59
1004,rb2210,SHFE,0_0_     1961039,空,平今,5004.0,3,2022-04-08 10:56:36
1005,rb2210,SHFE,0_0_     1961668,多,开,5003.0,3,2022-04-08 10:56:54
1006,rb2210,SHFE,0_0_     1967065,空,开,4999.0,4,2022-04-08 10:57:29
1007,rb2210,SHFE,0_0_     1967346,空,开,4999.0,1,2022-04-08 10:57:36
1008,rb2210,SHFE,0_0_     1969689,空,开,4998.0,3,2022-04-08 10:57:55
1009,rb2210,SHFE,0_0_     1970549,多,平今,4993.0,5,2022-04-08 10:58:02
1010,rb2210,SHFE,0_0_     1970923,多,平今,4993.0,1,2022-04-08 10:58:06
1011,rb2210,SHFE,0_0_     1972415,空,平今,4992.0,2,2022-04-08 10:58:20
1012,rb2210,SHFE,0_0_     1974240,空,平今,4990.0,3,2022-04-08 10:58:28
1013,rb2210,SHFE,0_0_     1974370,多,开,4990.000000000001,3,2022-04-08 10:58:30
1014,rb2210,SHFE,0_0_     1975061,空,平今,4990.0,4,2022-04-08 10:58:35
1015,rb2210,SHFE,0_0_     1975153,空,平今,4990.0,2,2022-04-08 10:58:37
1016,rb2210,SHFE,0_0_     1975550,空,开,4990.0,1,2022-04-08 10:58:39
1017,rb2210,SHFE,0_0_     1975550,空,开,4990.0,1,2022-04-08 10:58:39
1018,rb2210,SHFE,0_0_     1975550,空,开,4990.0,1,2022-04-08 10:58:39
1019,rb2210,SHFE,0_0_     1975550,空,开,4990.0,1,2022-04-08 10:58:39
1020,rb2210,SHFE,0_0_     1975726,多,平今,4990.0,1,2022-04-08 10:58:43
1021,rb2210,SHFE,0_0_     1976840,空,开,4988.0,1,2022-04-08 10:58:53
1022,rb2210,SHFE,0_0_     1975885,空,开,4991.0,1,2022-04-08 10:59:02
1023,rb2210,SHFE,0_0_     1977773,多,开,4991.0,3,2022-04-08 10:59:03
1024,rb2210,SHFE,0_0_     1977773,多,开,4991.0,1,2022-04-08 10:59:03
1025,rb2210,SHFE,0_0_     1977773,多,开,4991.0,2,2022-04-08 10:59:03
1026,rb2210,SHFE,0_0_     1977773,多,开,4991.0,1,2022-04-08 10:59:03
1027,rb2210,SHFE,0_0_     1977773,多,开,4991.0,1,2022-04-08 10:59:03
1028,rb2210,SHFE,0_0_     1977744,多,平今,4990.0,1,2022-04-08 10:59:27
1029,rb2210,SHFE,0_0_     1979774,空,平今,4990.0,1,2022-04-08 10:59:29
1030,rb2210,SHFE,0_0_     1979774,空,平今,4990.0,1,2022-04-08 10:59:29
1031,rb2210,SHFE,0_0_     1979774,空,平今,4990.0,1,2022-04-08 10:59:29
1032,rb2210,SHFE,0_0_     1979774,空,平今,4990.0,1,2022-04-08 10:59:29
1033,rb2210,SHFE,0_0_     1979774,空,平今,4990.0,1,2022-04-08 10:59:29
1034,rb2210,SHFE,0_0_     1976855,多,平今,4987.0,1,2022-04-08 10:59:34
1035,rb2210,SHFE,0_0_     1979774,空,平今,4990.0,1,2022-04-08 10:59:41
1036,rb2210,SHFE,0_0_     1981272,多,开,4991.0,2,2022-04-08 10:59:48
1037,rb2210,SHFE,0_0_     1981151,多,平今,4990.0,4,2022-04-08 10:59:52
1038,rb2210,SHFE,0_0_     1982187,空,开,4990.000000000001,3,2022-04-08 11:00:02
1039,rb2210,SHFE,0_0_     1982187,空,开,4990.000000000001,1,2022-04-08 11:00:02
1040,rb2210,SHFE,0_0_     1981665,空,平今,4991.0,4,2022-04-08 11:00:02
1041,rb2210,SHFE,0_0_     1983191,多,开,4990.0,4,2022-04-08 11:00:02
1042,rb2210,SHFE,0_0_     1983212,空,平今,4991.0,4,2022-04-08 11:00:03
1043,rb2210,SHFE,0_0_     1983233,多,开,4990.0,4,2022-04-08 11:00:06
1044,rb2210,SHFE,0_0_     1984062,空,平今,4991.0,1,2022-04-08 11:00:06
1045,rb2210,SHFE,0_0_     1984062,空,平今,4991.0,3,2022-04-08 11:00:06
1046,rb2210,SHFE,0_0_     1984063,多,开,4990.0,4,2022-04-08 11:00:07
1047,rb2210,SHFE,0_0_     1984699,空,平今,4991.0,3,2022-04-08 11:00:12
1048,rb2210,SHFE,0_0_     1984699,空,平今,4991.0,1,2022-04-08 11:00:12
1049,rb2210,SHFE,0_0_     1985207,多,开,4990.0,1,2022-04-08 11:00:15
1050,rb2210,SHFE,0_0_     1985207,多,开,4990.0,1,2022-04-08 11:00:15
1051,rb2210,SHFE,0_0_     1985207,多,开,4990.0,1,2022-04-08 11:00:15
1052,rb2210,SHFE,0_0_     1985207,多,开,4990.0,1,2022-04-08 11:00:15
1053,rb2210,SHFE,0_0_     1987427,空,平今,4993.0,2,2022-04-08 11:00:32
1054,rb2210,SHFE,0_0_     1986119,多,开,4991.0,4,2022-04-08 11:00:39
1055,rb2210,SHFE,0_0_     1988311,空,平今,4992.0,1,2022-04-08 11:00:39
1056,rb2210,SHFE,0_0_     1988311,空,平今,4992.0,1,2022-04-08 11:00:39
1057,rb2210,SHFE,0_0_     1988311,空,平今,4992.0,2,2022-04-08 11:00:39
1058,rb2210,SHFE,0_0_     1982988,多,平今,4989.0,2,2022-04-08 11:00:50
1059,rb2210,SHFE,0_0_     1993839,多,开,4993.0,3,2022-04-08 11:01:37
1060,rb2210,SHFE,0_0_     1982988,多,平今,4989.0,1,2022-04-08 11:02:07
1061,rb2210,SHFE,0_0_     1982988,多,平今,4989.0,1,2022-04-08 11:02:07
1062,rb2210,SHFE,0_0_     1997175,空,开,4988.0,2,2022-04-08 11:02:11
1063,rb2210,SHFE,0_0_     1997175,空,开,4988.0,2,2022-04-08 11:02:11
1064,rb2210,SHFE,0_0_     1997824,空,平今,4987.000000000001,3,2022-04-08 11:02:15
1065,rb2210,SHFE,0_0_     1997910,多,平今,4986.0,3,2022-04-08 11:02:19
1066,rb2210,SHFE,0_0_     2000541,空,开,4984.0,4,2022-04-08 11:02:34
1067,rb2210,SHFE,0_0_     2001307,多,平今,4985.0,4,2022-04-08 11:02:40
1068,rb2210,SHFE,0_0_     2002582,多,开,4984.0,6,2022-04-08 11:02:47
1069,rb2210,SHFE,0_0_     2003061,空,平今,4984.0,6,2022-04-08 11:02:49
1070,rb2210,SHFE,0_0_     2004627,空,开,4982.0,1,2022-04-08 11:03:02
1071,rb2210,SHFE,0_0_     2005161,多,平今,4981.0,3,2022-04-08 11:03:04
1072,rb2210,SHFE,0_0_     2005170,空,开,4982.0,4,2022-04-08 11:03:05
1073,rb2210,SHFE,0_0_     2005293,多,开,4981.0,6,2022-04-08 11:03:11
1074,rb2210,SHFE,0_0_     2007591,空,开,4973.0,4,2022-04-08 11:03:22
1075,rb2210,SHFE,0_0_     2007689,多,平今,4971.0,4,2022-04-08 11:03:23
1076,rb2210,SHFE,0_0_     2008174,多,平今,4971.0,3,2022-04-08 11:03:26
1077,rb2210,SHFE,0_0_     2008313,空,平今,4972.0,4,2022-04-08 11:03:26
1078,rb2210,SHFE,0_0_     2008358,多,开,4971.0,4,2022-04-08 11:03:27
1079,rb2210,SHFE,0_0_     2008416,空,平今,4972.0,1,2022-04-08 11:03:27
1080,rb2210,SHFE,0_0_     2008416,空,平今,4972.0,1,2022-04-08 11:03:27
1081,rb2210,SHFE,0_0_     2008416,空,平今,4972.0,1,2022-04-08 11:03:27
1082,rb2210,SHFE,0_0_     2008416,空,平今,4972.0,1,2022-04-08 11:03:27
1083,rb2210,SHFE,0_0_     2009014,空,开,4974.0,7,2022-04-08 11:03:29
1084,rb2210,SHFE,0_0_     2011789,空,平今,4977.0,1,2022-04-08 11:03:50
1085,rb2210,SHFE,0_0_     2012265,空,平今,4976.0,1,2022-04-08 11:03:53
1086,rb2210,SHFE,0_0_     2012512,空,平今,4976.0,1,2022-04-08 11:03:55
1087,rb2210,SHFE,0_0_     2012804,多,平今,4975.0,1,2022-04-08 11:04:06
1088,rb2210,SHFE,0_0_     2012804,多,平今,4975.0,3,2022-04-08 11:04:06
1089,rb2210,SHFE,0_0_     2013779,空,开,4976.0,4,2022-04-08 11:04:06
1090,rb2210,SHFE,0_0_     2016151,多,平今,4980.0,2,2022-04-08 11:04:28
1091,rb2210,SHFE,0_0_     2016151,多,平今,4980.0,1,2022-04-08 11:04:28
1092,rb2210,SHFE,0_0_     2018930,空,平今,4979.0,1,2022-04-08 11:04:47
1093,rb2210,SHFE,0_0_     2013781,多,平今,4975.0,4,2022-04-08 11:04:52
1094,rb2210,SHFE,0_0_     2019743,空,开,4975.0,1,2022-04-08 11:04:53
1095,rb2210,SHFE,0_0_     2019743,空,开,4975.0,1,2022-04-08 11:04:53
1096,rb2210,SHFE,0_0_     2019743,空,开,4975.0,1,2022-04-08 11:04:53
1097,rb2210,SHFE,0_0_     2019743,空,开,4975.0,1,2022-04-08 11:04:54
1098,rb2210,SHFE,0_0_     2020211,空,开,4975.0,1,2022-04-08 11:04:58
1099,rb2210,SHFE,0_0_     2020299,多,平今,4974.0,1,2022-04-08 11:04:59
1100,rb2210,SHFE,0_0_     2020517,多,开,4974.0,5,2022-04-08 11:05:01
1101,rb2210,SHFE,0_0_     2020517,多,开,4974.0,1,2022-04-08 11:05:01
1102,rb2210,SHFE,0_0_     2020588,空,平今,4975.0,2,2022-04-08 11:05:02
1103,rb2210,SHFE,0_0_     2020588,空,平今,4975.0,4,2022-04-08 11:05:02
1104,rb2210,SHFE,0_0_     2020739,多,开,4974.0,6,2022-04-08 11:05:02
1105,rb2210,SHFE,0_0_     2020775,空,平今,4975.0,6,2022-04-08 11:05:02
1106,rb2210,SHFE,0_0_     2019667,空,开,4976.0,1,2022-04-08 11:05:04
1107,rb2210,SHFE,0_0_     2020859,多,开,4974.0,6,2022-04-08 11:05:22
1108,rb2210,SHFE,0_0_     2023824,空,平今,4974.0,1,2022-04-08 11:05:22
1109,rb2210,SHFE,0_0_     2023824,空,平今,4974.0,3,2022-04-08 11:05:23
1110,rb2210,SHFE,0_0_     2024043,空,平今,4973.0,1,2022-04-08 11:05:23
1111,rb2210,SHFE,0_0_     2023942,空,平今,4974.0,1,2022-04-08 11:05:24
1112,rb2210,SHFE,0_0_     2024221,多,平今,4973.0,1,2022-04-08 11:05:25
1113,rb2210,SHFE,0_0_     2024414,多,平今,4972.0,1,2022-04-08 11:05:27
1114,rb2210,SHFE,0_0_     2024503,多,平今,4972.0,3,2022-04-08 11:05:28
1115,rb2210,SHFE,0_0_     2024503,多,平今,4972.0,1,2022-04-08 11:05:28
1116,rb2210,SHFE,0_0_     2024553,空,开,4973.0,4,2022-04-08 11:05:29
1117,rb2210,SHFE,0_0_     2025987,空,开,4971.0,1,2022-04-08 11:05:39
1118,rb2210,SHFE,0_0_     2026023,空,开,4971.0,1,2022-04-08 11:05:40
1119,rb2210,SHFE,0_0_     2029781,多,平今,4969.0,2,2022-04-08 11:06:07
1120,rb2210,SHFE,0_0_     2028303,空,开,4972.0,1,2022-04-08 11:06:14
1121,rb2210,SHFE,0_0_     2028303,空,开,4972.0,1,2022-04-08 11:06:14
1122,rb2210,SHFE,0_0_     2031178,多,平今,4971.000000000001,2,2022-04-08 11:06:14
1123,rb2210,SHFE,0_0_     2031400,空,开,4972.0,2,2022-04-08 11:06:15
1124,rb2210,SHFE,0_0_     2033148,多,开,4972.0,8,2022-04-08 11:06:31
1125,rb2210,SHFE,0_0_     2038801,空,平今,4977.0,4,2022-04-08 11:07:16
1126,rb2210,SHFE,0_0_     2040877,空,平今,4973.0,2,2022-04-08 11:07:35
1127,rb2210,SHFE,0_0_     2040877,空,平今,4973.0,1,2022-04-08 11:07:42
1128,rb2210,SHFE,0_0_     2040877,空,平今,4973.0,1,2022-04-08 11:07:42
1129,rb2210,SHFE,0_0_     2042009,多,平今,4972.0,2,2022-04-08 11:07:43
1130,rb2210,SHFE,0_0_     2042360,空,开,4973.0,2,2022-04-08 11:07:46
1131,rb2210,SHFE,0_0_     2042489,多,平今,4972.0,2,2022-04-08 11:07:57
1132,rb2210,SHFE,0_0_     2044419,空,开,4966.0,1,2022-04-08 11:08:05
1133,rb2210,SHFE,0_0_     2044429,多,开,4966.0,8,2022-04-08 11:08:05
1134,rb2210,SHFE,0_0_     2047638,空,平今,4965.0,1,2022-04-08 11:08:31
1135,rb2210,SHFE,0_0_     2047984,多,平今,4966.0,1,2022-04-08 11:08:36
1136,rb2210,SHFE,0_0_     2048088,空,平今,4967.0,1,2022-04-08 11:08:39
1137,rb2210,SHFE,0_0_     2048240,多,平今,4966.0,1,2022-04-08 11:08:41
1138,rb2210,SHFE,0_0_     2052125,空,平今,4968.0,1,2022-04-08 11:09:11
1139,rb2210,SHFE,0_0_     2052125,空,平今,4968.0,1,2022-04-08 11:09:11
1140,rb2210,SHFE,0_0_     2052125,空,平今,4968.0,2,2022-04-08 11:09:11
1141,rb2210,SHFE,0_0_     2052190,多,平今,4967.0,3,2022-04-08 11:09:11
1142,rb2210,SHFE,0_0_     2052208,空,开,4968.0,3,2022-04-08 11:09:12
1143,rb2210,SHFE,0_0_     2052245,多,平今,4967.0,3,2022-04-08 11:09:14
1144,rb2210,SHFE,0_0_     2052309,空,开,4968.0,3,2022-04-08 11:09:14
1145,rb2210,SHFE,0_0_     2054770,空,开,4963.0,4,2022-04-08 11:09:40
1146,rb2210,SHFE,0_0_     2054987,多,平今,4962.0,1,2022-04-08 11:09:41
1147,rb2210,SHFE,0_0_     2055147,空,平今,4963.0,1,2022-04-08 11:09:44
1148,rb2210,SHFE,0_0_     2055593,多,平今,4962.0,1,2022-04-08 11:09:53
1149,rb2210,SHFE,0_0_     2055593,多,平今,4962.0,3,2022-04-08 11:09:53
1150,rb2210,SHFE,0_0_     2056018,多,平今,4962.0,1,2022-04-08 11:09:55
1151,rb2210,SHFE,0_0_     2056042,空,开,4963.0,1,2022-04-08 11:09:56
1152,rb2210,SHFE,0_0_     2056042,空,开,4963.0,1,2022-04-08 11:09:56
1153,rb2210,SHFE,0_0_     2056042,空,开,4963.0,1,2022-04-08 11:09:56
1154,rb2210,SHFE,0_0_     2056042,空,开,4963.0,1,2022-04-08 11:09:56
1155,rb2210,SHFE,0_0_     2056135,多,平今,4962.0,1,2022-04-08 11:09:59
1156,rb2210,SHFE,0_0_     2056248,空,开,4963.0,1,2022-04-08 11:09:59
1157,rb2210,SHFE,0_0_     2056248,空,开,4963.0,1,2022-04-08 11:09:59
1158,rb2210,SHFE,0_0_     2056248,空,开,4963.0,2,2022-04-08 11:09:59
1159,rb2210,SHFE,0_0_     2056250,多,平今,4962.0,4,2022-04-08 11:10:00
1160,rb2210,SHFE,0_0_     2056281,空,开,4963.0,4,2022-04-08 11:10:00
1161,rb2210,SHFE,0_0_     2056282,多,平今,4962.0,4,2022-04-08 11:10:00
1162,rb2210,SHFE,0_0_     2056315,空,开,4963.0,4,2022-04-08 11:10:00
1163,rb2210,SHFE,0_0_     2056329,多,平今,4962.0,4,2022-04-08 11:10:01
1164,rb2210,SHFE,0_0_     2056340,空,开,4963.0,4,2022-04-08 11:10:01
1165,rb2210,SHFE,0_0_     2056361,多,平今,4962.0,4,2022-04-08 11:10:02
1166,rb2210,SHFE,0_0_     2056446,空,开,4963.0,1,2022-04-08 11:10:02
1167,rb2210,SHFE,0_0_     2056446,空,开,4963.0,3,2022-04-08 11:10:02
1168,rb2210,SHFE,0_0_     2056466,多,平今,4962.0,3,2022-04-08 11:10:03
1169,rb2210,SHFE,0_0_     2056550,空,开,4963.0,1,2022-04-08 11:10:03
1170,rb2210,SHFE,0_0_     2056550,空,开,4963.0,1,2022-04-08 11:10:03
1171,rb2210,SHFE,0_0_     2056550,空,开,4963.0,1,2022-04-08 11:10:03
1172,rb2210,SHFE,0_0_     2056619,多,平今,4962.0,3,2022-04-08 11:10:05
1173,rb2210,SHFE,0_0_     2056961,空,开,4963.0,1,2022-04-08 11:10:06
1174,rb2210,SHFE,0_0_     2056961,空,开,4963.0,1,2022-04-08 11:10:06
1175,rb2210,SHFE,0_0_     2056961,空,开,4963.0,1,2022-04-08 11:10:06
1176,rb2210,SHFE,0_0_     2057569,多,平今,4965.0,4,2022-04-08 11:10:11
1177,rb2210,SHFE,0_0_     2057736,多,平今,4965.0,2,2022-04-08 11:10:14
1178,rb2210,SHFE,0_0_     2058003,空,开,4966.0,5,2022-04-08 11:10:15
1179,rb2210,SHFE,0_0_     2059581,多,平今,4961.0,4,2022-04-08 11:10:29
1180,rb2210,SHFE,0_0_     2059640,多,开,4961.0,2,2022-04-08 11:10:30
1181,rb2210,SHFE,0_0_     2059640,多,开,4961.0,1,2022-04-08 11:10:30
1182,rb2210,SHFE,0_0_     2059640,多,开,4961.0,1,2022-04-08 11:10:30
1183,rb2210,SHFE,0_0_     2059770,多,平今,4961.0,1,2022-04-08 11:10:33
1184,rb2210,SHFE,0_0_     2062776,多,平今,4968.0,2,2022-04-08 11:10:58
1185,rb2210,SHFE,0_0_     2062801,空,平今,4969.000000000001,2,2022-04-08 11:11:00
1186,rb2210,SHFE,0_0_     2062976,多,开,4968.0,1,2022-04-08 11:11:01
1187,rb2210,SHFE,0_0_     2062976,多,开,4968.0,1,2022-04-08 11:11:01
1188,rb2210,SHFE,0_0_     2063160,多,开,4968.0,1,2022-04-08 11:11:01
1189,rb2210,SHFE,0_0_     2063241,空,平今,4969.0,2,2022-04-08 11:11:06
1190,rb2210,SHFE,0_0_     2063680,多,开,4968.0,2,2022-04-08 11:11:06
1191,rb2210,SHFE,0_0_     2063692,空,平今,4969.0,4,2022-04-08 11:11:24
1192,rb2210,SHFE,0_0_     2065719,多,开,4968.0,3,2022-04-08 11:11:25
1193,rb2210,SHFE,0_0_     2065734,空,平今,4969.0,3,2022-04-08 11:11:25
1194,rb2210,SHFE,0_0_     2065835,空,开,4969.0,4,2022-04-08 11:11:26
1195,rb2210,SHFE,0_0_     2065945,空,开,4969.0,3,2022-04-08 11:11:27
1196,rb2210,SHFE,0_0_     2065777,多,开,4968.0,3,2022-04-08 11:11:33
1197,rb2210,SHFE,0_0_     2069072,空,平今,4965.0,2,2022-04-08 11:11:58
1198,rb2210,SHFE,0_0_     2069260,空,平今,4963.0,3,2022-04-08 11:12:00
1199,rb2210,SHFE,0_0_     2070363,多,开,4965.0,8,2022-04-08 11:12:11
1200,rb2210,SHFE,0_0_     2070440,空,平今,4967.0,4,2022-04-08 11:12:13
1201,rb2210,SHFE,0_0_     2070719,空,平今,4967.0,4,2022-04-08 11:12:18
1202,rb2210,SHFE,0_0_     2073242,多,平今,4966.0,2,2022-04-08 11:12:46
1203,rb2210,SHFE,0_0_     2073811,多,开,4967.0,3,2022-04-08 11:13:00
1204,rb2210,SHFE,0_0_     2074141,多,开,4967.0,5,2022-04-08 11:13:00
1205,rb2210,SHFE,0_0_     2069332,多,平今,4963.0,1,2022-04-08 11:13:23
1206,rb2210,SHFE,0_0_     2069332,多,平今,4963.0,1,2022-04-08 11:13:24
1207,rb2210,SHFE,0_0_     2069332,多,平今,4963.0,1,2022-04-08 11:13:24
1208,rb2210,SHFE,0_0_     2069332,多,平今,4963.0,1,2022-04-08 11:13:24
1209,rb2210,SHFE,0_0_     2076128,空,开,4964.0,3,2022-04-08 11:13:27
1210,rb2210,SHFE,0_0_     2077396,空,平今,4961.0,2,2022-04-08 11:13:37
1211,rb2210,SHFE,0_0_     2079005,空,平今,4956.0,1,2022-04-08 11:13:58
1212,rb2210,SHFE,0_0_     2079005,空,平今,4956.0,1,2022-04-08 11:13:58
1213,rb2210,SHFE,0_0_     2078825,空,平今,4958.0,4,2022-04-08 11:14:00
1214,rb2210,SHFE,0_0_     2079981,多,平今,4957.0,1,2022-04-08 11:14:03
1215,rb2210,SHFE,0_0_     2079981,多,平今,4957.0,2,2022-04-08 11:14:03
1216,rb2210,SHFE,0_0_     2080077,多,开,4957.0,4,2022-04-08 11:14:15
1217,rb2210,SHFE,0_0_     2082032,空,开,4956.0,2,2022-04-08 11:14:22
1218,rb2210,SHFE,0_0_     2082044,多,平今,4955.0,1,2022-04-08 11:14:22
1219,rb2210,SHFE,0_0_     2082044,多,平今,4955.0,1,2022-04-08 11:14:22
1220,rb2210,SHFE,0_0_     2082045,空,开,4956.0,2,2022-04-08 11:14:22
1221,rb2210,SHFE,0_0_     2082058,多,平今,4955.0,2,2022-04-08 11:14:22
1222,rb2210,SHFE,0_0_     2082059,空,开,4956.0,1,2022-04-08 11:14:22
1223,rb2210,SHFE,0_0_     2082059,空,开,4956.0,1,2022-04-08 11:14:22
1224,rb2210,SHFE,0_0_     2082237,多,平今,4954.0,1,2022-04-08 11:14:24
1225,rb2210,SHFE,0_0_     2082294,空,开,4955.000000000001,1,2022-04-08 11:14:24
1226,rb2210,SHFE,0_0_     2082313,多,平今,4954.0,1,2022-04-08 11:14:26
1227,rb2210,SHFE,0_0_     2082495,多,开,4954.0,3,2022-04-08 11:14:27
1228,rb2210,SHFE,0_0_     2082795,空,平今,4955.0,2,2022-04-08 11:14:31
1229,rb2210,SHFE,0_0_     2082994,多,开,4955.0,3,2022-04-08 11:14:33
1230,rb2210,SHFE,0_0_     2081540,空,平今,4958.0,1,2022-04-08 11:14:38
1231,rb2210,SHFE,0_0_     2081540,空,平今,4958.0,1,2022-04-08 11:14:38
1232,rb2210,SHFE,0_0_     2081540,空,平今,4958.0,1,2022-04-08 11:14:38
1233,rb2210,SHFE,0_0_     2081540,空,平今,4958.0,1,2022-04-08 11:14:38
1234,rb2210,SHFE,0_0_     2083444,多,开,4957.0,2,2022-04-08 11:14:39
1235,rb2210,SHFE,0_0_     2083444,多,开,4957.0,2,2022-04-08 11:14:39
1236,rb2210,SHFE,0_0_     2083558,空,平今,4958.0,1,2022-04-08 11:14:39
1237,rb2210,SHFE,0_0_     2083558,空,平今,4958.0,1,2022-04-08 11:14:40
1238,rb2210,SHFE,0_0_     2083594,多,平今,4957.0,1,2022-04-08 11:14:46
1239,rb2210,SHFE,0_0_     2083081,多,平今,4955.0,1,2022-04-08 11:14:50
1240,rb2210,SHFE,0_0_     2085249,空,平今,4956.0,1,2022-04-08 11:15:02
1241,rb2210,SHFE,0_0_     2085670,多,开,4956.0,1,2022-04-08 11:15:03
1242,rb2210,SHFE,0_0_     2085947,多,开,4956.0,2,2022-04-08 11:15:05
1243,rb2210,SHFE,0_0_     2085981,空,平今,4957.0,2,2022-04-08 11:15:08
1244,rb2210,SHFE,0_0_     2088979,空,平今,4965.0,4,2022-04-08 11:15:39
1245,rb2210,SHFE,0_0_     2089137,多,开,4964.0,4,2022-04-08 11:15:41
1246,rb2210,SHFE,0_0_     2089218,空,平今,4964.0,1,2022-04-08 11:15:43
1247,rb2210,SHFE,0_0_     2091747,空,平今,4968.0,2,2022-04-08 11:16:13
1248,rb2210,SHFE,0_0_     2093864,空,平今,4970.000000000001,1,2022-04-08 11:16:33
1249,rb2210,SHFE,0_0_     2094000,多,开,4969.0,1,2022-04-08 11:16:37
1250,rb2210,SHFE,0_0_     2094989,空,平今,4971.0,1,2022-04-08 11:16:41
1251,rb2210,SHFE,0_0_     2095677,空,开,4971.0,3,2022-04-08 11:16:43
1252,rb2210,SHFE,0_0_     2099134,空,开,4975.0,4,2022-04-08 11:17:21
1253,rb2210,SHFE,0_0_     2100159,多,平今,4975.0,4,2022-04-08 11:17:22
1254,rb2210,SHFE,0_0_     2100177,多,开,4975.0,1,2022-04-08 11:17:24
1255,rb2210,SHFE,0_0_     2099990,多,平今,4974.0,2,2022-04-08 11:17:25
1256,rb2210,SHFE,0_0_     2100560,空,平今,4975.000000000001,2,2022-04-08 11:17:26
1257,rb2210,SHFE,0_0_     2100731,多,开,4974.0,1,2022-04-08 11:17:29
1258,rb2210,SHFE,0_0_     2102137,多,开,4977.0,3,2022-04-08 11:17:36
1259,rb2210,SHFE,0_0_     2104612,空,开,4975.0,7,2022-04-08 11:17:56
1260,rb2210,SHFE,0_0_     2111551,空,平今,4975.0,2,2022-04-08 11:18:44
1261,rb2210,SHFE,0_0_     2111588,多,平今,4974.0,1,2022-04-08 11:18:48
1262,rb2210,SHFE,0_0_     2111588,多,平今,4974.0,1,2022-04-08 11:18:48
1263,rb2210,SHFE,0_0_     2112029,空,平今,4975.0,1,2022-04-08 11:18:53
1264,rb2210,SHFE,0_0_     2112029,空,平今,4975.0,1,2022-04-08 11:18:53
1265,rb2210,SHFE,0_0_     2117590,多,平今,4977.0,1,2022-04-08 11:19:34
1266,rb2210,SHFE,0_0_     2117590,多,平今,4977.0,3,2022-04-08 11:19:34
1267,rb2210,SHFE,0_0_     2117740,空,开,4977.0,3,2022-04-08 11:19:37
1268,rb2210,SHFE,0_0_     2119060,多,平今,4975.0,1,2022-04-08 11:19:46
1269,rb2210,SHFE,0_0_     2096003,多,平今,4970.0,1,2022-04-08 11:20:04
1270,rb2210,SHFE,0_0_     2120901,空,开,4971.0,1,2022-04-08 11:20:04
1271,rb2210,SHFE,0_0_     2120925,多,平今,4970.0,1,2022-04-08 11:20:05
1272,rb2210,SHFE,0_0_     2121075,空,开,4970.0,3,2022-04-08 11:20:06
1273,rb2210,SHFE,0_0_     2124075,多,平今,4968.0,4,2022-04-08 11:20:37
1274,rb2210,SHFE,0_0_     2124114,空,开,4969.0,1,2022-04-08 11:20:48
1275,rb2210,SHFE,0_0_     2124114,空,开,4969.0,2,2022-04-08 11:20:49
1276,rb2210,SHFE,0_0_     2124114,空,开,4969.0,1,2022-04-08 11:20:50
1277,rb2210,SHFE,0_0_     2126567,多,平今,4969.0,4,2022-04-08 11:20:56
1278,rb2210,SHFE,0_0_     2127510,多,平今,4969.0,1,2022-04-08 11:20:58
1279,rb2210,SHFE,0_0_     2127223,空,开,4970.0,1,2022-04-08 11:21:05
1280,rb2210,SHFE,0_0_     2127629,空,开,4970.0,4,2022-04-08 11:21:07
1281,rb2210,SHFE,0_0_     2128426,多,开,4970.000000000001,3,2022-04-08 11:21:07
1282,rb2210,SHFE,0_0_     2130529,多,平今,4971.0,1,2022-04-08 11:21:38
1283,rb2210,SHFE,0_0_     2132933,空,平今,4972.0,1,2022-04-08 11:21:38
1284,rb2210,SHFE,0_0_     2136130,多,平今,4978.0,1,2022-04-08 11:22:12
1285,rb2210,SHFE,0_0_     2136130,多,平今,4978.0,1,2022-04-08 11:22:12
1286,rb2210,SHFE,0_0_     2136130,多,平今,4978.0,1,2022-04-08 11:22:12
1287,rb2210,SHFE,0_0_     2136130,多,平今,4978.0,1,2022-04-08 11:22:12
1288,rb2210,SHFE,0_0_     2139102,空,开,4984.0,1,2022-04-08 11:22:38
1289,rb2210,SHFE,0_0_     2139102,空,开,4984.0,1,2022-04-08 11:22:39
1290,rb2210,SHFE,0_0_     2139102,空,开,4984.0,2,2022-04-08 11:22:39
1291,rb2210,SHFE,0_0_     2139338,空,平今,4984.0,2,2022-04-08 11:22:39
1292,rb2210,SHFE,0_0_     2139565,空,平今,4984.0,1,2022-04-08 11:22:42
1293,rb2210,SHFE,0_0_     2139613,多,平今,4983.0,3,2022-04-08 11:22:49
1294,rb2210,SHFE,0_0_     2140273,空,开,4984.0,3,2022-04-08 11:22:49
1295,rb2210,SHFE,0_0_     2140300,多,平今,4983.0,3,2022-04-08 11:22:50
1296,rb2210,SHFE,0_0_     2136228,多,开,4979.0,1,2022-04-08 11:23:06
1297,rb2210,SHFE,0_0_     2136228,多,开,4979.0,1,2022-04-08 11:23:06
1298,rb2210,SHFE,0_0_     2136228,多,开,4979.0,1,2022-04-08 11:23:07
1299,rb2210,SHFE,0_0_     2136228,多,开,4979.0,1,2022-04-08 11:23:07
1300,rb2210,SHFE,0_0_     2141872,空,平今,4980.0,2,2022-04-08 11:23:07
1301,rb2210,SHFE,0_0_     2142463,多,开,4983.0,3,2022-04-08 11:23:16
1302,rb2210,SHFE,0_0_     2146354,空,平今,4985.0,1,2022-04-08 11:23:56
1303,rb2210,SHFE,0_0_     2148876,多,开,4986.0,4,2022-04-08 11:24:04
1304,rb2210,SHFE,0_0_     2149444,空,平今,4986.0,1,2022-04-08 11:24:12
1305,rb2210,SHFE,0_0_     2149444,空,平今,4986.0,5,2022-04-08 11:24:12
1306,rb2210,SHFE,0_0_     2149444,空,平今,4986.0,1,2022-04-08 11:24:12
1307,rb2210,SHFE,0_0_     2149444,空,平今,4986.0,1,2022-04-08 11:24:12
1308,rb2210,SHFE,0_0_     2150185,空,开,4987.0,4,2022-04-08 11:24:19
1309,rb2210,SHFE,0_0_     2150307,多,平今,4988.0,1,2022-04-08 11:24:20
1310,rb2210,SHFE,0_0_     2150897,多,开,4991.0,4,2022-04-08 11:24:26
1311,rb2210,SHFE,0_0_     2150560,多,平今,4988.0,3,2022-04-08 11:24:31
1312,rb2210,SHFE,0_0_     2151436,空,平今,4989.0,2,2022-04-08 11:24:32
1313,rb2210,SHFE,0_0_     2151561,空,开,4989.0,6,2022-04-08 11:24:34
1314,rb2210,SHFE,0_0_     2152289,多,平今,4990.0,4,2022-04-08 11:24:42
1315,rb2210,SHFE,0_0_     2152117,多,平今,4989.0,1,2022-04-08 11:24:44
1316,rb2210,SHFE,0_0_     2153564,空,平今,4989.0,1,2022-04-08 11:24:55
1317,rb2210,SHFE,0_0_     2158540,多,开,4981.0,3,2022-04-08 11:25:48
1318,rb2210,SHFE,0_0_     2158540,多,开,4981.0,1,2022-04-08 11:25:48
1319,rb2210,SHFE,0_0_     2167069,空,平今,4979.0,2,2022-04-08 11:27:03
1320,rb2210,SHFE,0_0_     2167069,空,平今,4979.0,2,2022-04-08 11:27:03
1321,rb2210,SHFE,0_0_     2168843,空,开,4976.0,1,2022-04-08 11:27:20
1322,rb2210,SHFE,0_0_     2168843,空,开,4976.0,1,2022-04-08 11:27:20
1323,rb2210,SHFE,0_0_     2168843,空,开,4976.0,1,2022-04-08 11:27:20
1324,rb2210,SHFE,0_0_     2168843,空,开,4976.0,1,2022-04-08 11:27:20
1325,rb2210,SHFE,0_0_     2168899,多,平今,4975.0,4,2022-04-08 11:27:22
1326,rb2210,SHFE,0_0_     2169241,空,开,4976.0,1,2022-04-08 11:27:23
1327,rb2210,SHFE,0_0_     2169241,空,开,4976.0,1,2022-04-08 11:27:23
1328,rb2210,SHFE,0_0_     2169241,空,开,4976.0,1,2022-04-08 11:27:23
1329,rb2210,SHFE,0_0_     2169241,空,开,4976.0,1,2022-04-08 11:27:23
1330,rb2210,SHFE,0_0_     2170664,多,平今,4981.0,2,2022-04-08 11:28:34
1331,rb2210,SHFE,0_0_     2170664,多,平今,4981.0,2,2022-04-08 11:28:34
1332,rb2210,SHFE,0_0_     2181569,空,平今,4996.0,1,2022-04-08 13:30:36
1333,rb2210,SHFE,0_0_     2182051,多,平今,4998.0,2,2022-04-08 13:30:52
1334,rb2210,SHFE,0_0_     2182418,多,开,5004.000000000001,4,2022-04-08 13:31:07
1335,rb2210,SHFE,0_0_     2182743,空,平今,5006.0,2,2022-04-08 13:31:23
1336,rb2210,SHFE,0_0_     2182782,多,开,5005.0,3,2022-04-08 13:31:23
1337,rb2210,SHFE,0_0_     2182783,空,开,5006.0,7,2022-04-08 13:31:23
1338,rb2210,SHFE,0_0_     2182786,多,平今,5005.0,5,2022-04-08 13:31:23
1339,rb2210,SHFE,0_0_     2182786,多,平今,5005.0,1,2022-04-08 13:31:23
1340,rb2210,SHFE,0_0_     2182786,多,平今,5005.0,1,2022-04-08 13:31:23
1341,rb2210,SHFE,0_0_     2182787,空,开,5006.0,7,2022-04-08 13:31:24
1342,rb2210,SHFE,0_0_     2182793,多,平今,5005.0,7,2022-04-08 13:31:24
1343,rb2210,SHFE,0_0_     2182802,空,开,5006.0,7,2022-04-08 13:31:26
1344,rb2210,SHFE,0_0_     2182850,多,平今,5005.0,7,2022-04-08 13:31:26
1345,rb2210,SHFE,0_0_     2183811,空,平今,4994.0,2,2022-04-08 13:31:55
1346,rb2210,SHFE,0_0_     2183867,空,开,4993.0,1,2022-04-08 13:31:57
1347,rb2210,SHFE,0_0_     2183867,空,开,4993.0,1,2022-04-08 13:31:57
1348,rb2210,SHFE,0_0_     2183916,多,开,4992.0,4,2022-04-08 13:31:59
1349,rb2210,SHFE,0_0_     2183473,空,平今,4997.0,1,2022-04-08 13:32:13
1350,rb2210,SHFE,0_0_     2183473,空,平今,4997.0,2,2022-04-08 13:32:13
1351,rb2210,SHFE,0_0_     2186949,空,平今,4998.0,1,2022-04-08 13:33:00
1352,rb2210,SHFE,0_0_     2186949,空,平今,4998.0,2,2022-04-08 13:33:00
1353,rb2210,SHFE,0_0_     2187368,多,开,5001.0,2,2022-04-08 13:33:07
1354,rb2210,SHFE,0_0_     2187368,多,开,5001.0,1,2022-04-08 13:33:07
1355,rb2210,SHFE,0_0_     2187368,多,开,5001.0,1,2022-04-08 13:33:07
1356,rb2210,SHFE,0_0_     2187523,多,开,5001.0,1,2022-04-08 13:33:10
1357,rb2210,SHFE,0_0_     2187691,空,平今,5002.000000000001,1,2022-04-08 13:33:11
1358,rb2210,SHFE,0_0_     2187691,空,平今,5002.000000000001,1,2022-04-08 13:33:11
1359,rb2210,SHFE,0_0_     2188349,多,开,5001.000000000001,1,2022-04-08 13:33:23
1360,rb2210,SHFE,0_0_     2188406,多,开,5001.0,2,2022-04-08 13:33:25
1361,rb2210,SHFE,0_0_     2188577,空,平今,5002.0,4,2022-04-08 13:33:29
1362,rb2210,SHFE,0_0_     2188808,多,开,5001.0,2,2022-04-08 13:33:32
1363,rb2210,SHFE,0_0_     2189518,空,平今,5002.0,2,2022-04-08 13:33:39
1364,rb2210,SHFE,0_0_     2191080,多,开,5002.0,1,2022-04-08 13:33:53
1365,rb2210,SHFE,0_0_     2196339,多,开,5000.000000000001,2,2022-04-08 13:34:42
1366,rb2210,SHFE,0_0_     2196919,空,平今,5000.0,1,2022-04-08 13:34:47
1367,rb2210,SHFE,0_0_     2196919,空,平今,5000.0,1,2022-04-08 13:34:47
1368,rb2210,SHFE,0_0_     2196919,空,平今,5000.0,1,2022-04-08 13:34:48
1369,rb2210,SHFE,0_0_     2197982,多,开,5004.0,3,2022-04-08 13:34:54
1370,rb2210,SHFE,0_0_     2198653,空,平今,5006.0,1,2022-04-08 13:34:58
1371,rb2210,SHFE,0_0_     2198861,多,开,5005.0,1,2022-04-08 13:34:58
1372,rb2210,SHFE,0_0_     2198910,空,平今,5006.0,2,2022-04-08 13:34:59
1373,rb2210,SHFE,0_0_     2198910,空,平今,5006.0,2,2022-04-08 13:34:59
1374,rb2210,SHFE,0_0_     2198937,多,开,5005.0,5,2022-04-08 13:35:01
1375,rb2210,SHFE,0_0_     2199381,空,平今,5006.0,5,2022-04-08 13:35:01
1376,rb2210,SHFE,0_0_     2199393,多,开,5005.0,1,2022-04-08 13:35:01
1377,rb2210,SHFE,0_0_     2199393,多,开,5005.0,1,2022-04-08 13:35:01
1378,rb2210,SHFE,0_0_     2199393,多,开,5005.0,2,2022-04-08 13:35:01
1379,rb2210,SHFE,0_0_     2199393,多,开,5005.0,1,2022-04-08 13:35:01
1380,rb2210,SHFE,0_0_     2201452,空,平今,5006.0,1,2022-04-08 13:35:13
1381,rb2210,SHFE,0_0_     2201452,空,平今,5006.0,1,2022-04-08 13:35:13
1382,rb2210,SHFE,0_0_     2201724,多,平今,5005.0,1,2022-04-08 13:35:14
1383,rb2210,SHFE,0_0_     2201724,多,平今,5005.0,1,2022-04-08 13:35:14
1384,rb2210,SHFE,0_0_     2201782,空,平今,5006.0,1,2022-04-08 13:35:19
1385,rb2210,SHFE,0_0_     2201782,空,平今,5006.0,1,2022-04-08 13:35:21
1386,rb2210,SHFE,0_0_     2203367,多,平今,5005.0,1,2022-04-08 13:35:22
1387,rb2210,SHFE,0_0_     2206691,空,平今,5004.0,2,2022-04-08 13:35:52
1388,rb2210,SHFE,0_0_     2208311,多,开,5003.0,2,2022-04-08 13:35:53
1389,rb2210,SHFE,0_0_     2208311,多,开,5003.0,2,2022-04-08 13:35:54
1390,rb2210,SHFE,0_0_     2208380,空,平今,5004.0,2,2022-04-08 13:35:57
1391,rb2210,SHFE,0_0_     2208852,多,开,5003.0,1,2022-04-08 13:35:58
1392,rb2210,SHFE,0_0_     2208852,多,开,5003.0,1,2022-04-08 13:35:59
1393,rb2210,SHFE,0_0_     2209220,空,平今,5004.0,5,2022-04-08 13:36:00
1394,rb2210,SHFE,0_0_     2203435,空,开,5006.0,1,2022-04-08 13:36:04
1395,rb2210,SHFE,0_0_     2203435,空,开,5006.0,1,2022-04-08 13:36:04
1396,rb2210,SHFE,0_0_     2203435,空,开,5006.0,2,2022-04-08 13:36:04
1397,rb2210,SHFE,0_0_     2209760,多,平今,5005.0,1,2022-04-08 13:36:04
1398,rb2210,SHFE,0_0_     2209760,多,平今,5005.0,1,2022-04-08 13:36:04
1399,rb2210,SHFE,0_0_     2209760,多,平今,5005.0,1,2022-04-08 13:36:04
1400,rb2210,SHFE,0_0_     2209760,多,平今,5005.0,1,2022-04-08 13:36:04
1401,rb2210,SHFE,0_0_     2209765,空,开,5006.0,4,2022-04-08 13:36:05
1402,rb2210,SHFE,0_0_     2210055,多,平今,5005.0,1,2022-04-08 13:36:06
1403,rb2210,SHFE,0_0_     2210055,多,平今,5005.0,1,2022-04-08 13:36:06
1404,rb2210,SHFE,0_0_     2210055,多,平今,5005.0,1,2022-04-08 13:36:06
1405,rb2210,SHFE,0_0_     2210055,多,平今,5005.0,1,2022-04-08 13:36:06
1406,rb2210,SHFE,0_0_     2209359,多,开,5003.0,4,2022-04-08 13:36:10
1407,rb2210,SHFE,0_0_     2209359,多,开,5003.0,1,2022-04-08 13:36:11
1408,rb2210,SHFE,0_0_     2211023,空,开,5003.0,1,2022-04-08 13:36:21
1409,rb2210,SHFE,0_0_     2211023,空,开,5003.0,1,2022-04-08 13:36:21
1410,rb2210,SHFE,0_0_     2211023,空,开,5003.0,1,2022-04-08 13:36:21
1411,rb2210,SHFE,0_0_     2211023,空,开,5003.0,1,2022-04-08 13:36:21
1412,rb2210,SHFE,0_0_     2220469,多,平今,4998.0,1,2022-04-08 13:37:30
1413,rb2210,SHFE,0_0_     2220925,空,开,4999.0,1,2022-04-08 13:38:02
1414,rb2210,SHFE,0_0_     2228351,多,平今,4994.0,4,2022-04-08 13:38:25
1415,rb2210,SHFE,0_0_     2228378,空,平今,4995.0,4,2022-04-08 13:38:31
1416,rb2210,SHFE,0_0_     2229106,多,开,4994.0,4,2022-04-08 13:38:31
1417,rb2210,SHFE,0_0_     2229150,空,开,4995.0,2,2022-04-08 13:38:32
1418,rb2210,SHFE,0_0_     2229150,空,开,4995.0,3,2022-04-08 13:38:32
1419,rb2210,SHFE,0_0_     2231259,空,平今,4997.0,4,2022-04-08 13:38:46
1420,rb2210,SHFE,0_0_     2231740,多,开,4997.0,1,2022-04-08 13:38:51
1421,rb2210,SHFE,0_0_     2231890,空,平今,4998.0,1,2022-04-08 13:38:52
1422,rb2210,SHFE,0_0_     2215654,空,平今,5000.0,1,2022-04-08 13:39:03
1423,rb2210,SHFE,0_0_     2233133,多,开,4999.0,2,2022-04-08 13:39:19
1424,rb2210,SHFE,0_0_     2233133,多,开,4999.0,2,2022-04-08 13:39:19
1425,rb2210,SHFE,0_0_     2233133,多,开,4999.0,2,2022-04-08 13:39:19
1426,rb2210,SHFE,0_0_     2236917,空,平今,4999.000000000001,1,2022-04-08 13:39:27
1427,rb2210,SHFE,0_0_     2236917,空,平今,4999.000000000001,1,2022-04-08 13:39:27
1428,rb2210,SHFE,0_0_     2236917,空,平今,4999.000000000001,3,2022-04-08 13:39:27
1429,rb2210,SHFE,0_0_     2236944,空,平今,4999.0,1,2022-04-08 13:39:28
1430,rb2210,SHFE,0_0_     2243190,多,平今,5006.0,2,2022-04-08 13:40:04
1431,rb2210,SHFE,0_0_     2243190,多,平今,5006.0,1,2022-04-08 13:40:04
1432,rb2210,SHFE,0_0_     2243190,多,平今,5006.0,1,2022-04-08 13:40:04
1433,rb2210,SHFE,0_0_     2243854,空,开,5007.0,4,2022-04-08 13:40:07
1434,rb2210,SHFE,0_0_     2245208,多,平今,5004.0,4,2022-04-08 13:40:19
1435,rb2210,SHFE,0_0_     2244382,空,开,5006.0,2,2022-04-08 13:40:26
1436,rb2210,SHFE,0_0_     2246570,多,平今,5006.0,3,2022-04-08 13:40:27
1437,rb2210,SHFE,0_0_     2248214,空,开,5006.0,3,2022-04-08 13:40:48
1438,rb2210,SHFE,0_0_     2249278,空,开,5006.0,3,2022-04-08 13:40:55
1439,rb2210,SHFE,0_0_     2256030,多,平今,5001.0,2,2022-04-08 13:41:47
1440,rb2210,SHFE,0_0_     2256233,空,开,5002.0,2,2022-04-08 13:41:51
1441,rb2210,SHFE,0_0_     2256853,多,平今,5001.0,3,2022-04-08 13:41:54
1442,rb2210,SHFE,0_0_     2256853,多,平今,5001.0,1,2022-04-08 13:41:54
1443,rb2210,SHFE,0_0_     2257567,空,开,5001.0,2,2022-04-08 13:41:59
1444,rb2210,SHFE,0_0_     2257807,多,平今,5000.0,1,2022-04-08 13:42:07
1445,rb2210,SHFE,0_0_     2259688,空,开,5002.0,1,2022-04-08 13:42:18
1446,rb2210,SHFE,0_0_     2267695,空,开,4997.0,1,2022-04-08 13:43:25
1447,rb2210,SHFE,0_0_     2267695,空,开,4997.0,1,2022-04-08 13:43:25
1448,rb2210,SHFE,0_0_     2267695,空,开,4997.0,1,2022-04-08 13:43:25
1449,rb2210,SHFE,0_0_     2267695,空,开,4997.0,1,2022-04-08 13:43:25
1450,rb2210,SHFE,0_0_     2267977,多,平今,4996.0,1,2022-04-08 13:43:31
1451,rb2210,SHFE,0_0_     2270125,多,平今,4994.0,4,2022-04-08 13:43:43
1452,rb2210,SHFE,0_0_     2270835,空,开,4995.0,4,2022-04-08 13:43:53
1453,rb2210,SHFE,0_0_     2273664,空,开,4994.0,1,2022-04-08 13:44:11
1454,rb2210,SHFE,0_0_     2279874,多,平今,5000.0,1,2022-04-08 13:45:00
1455,rb2210,SHFE,0_0_     2279874,多,平今,5000.0,3,2022-04-08 13:45:00
1456,rb2210,SHFE,0_0_     2280728,多,开,5000.0,1,2022-04-08 13:45:00
1457,rb2210,SHFE,0_0_     2280728,多,开,5000.0,5,2022-04-08 13:45:00
1458,rb2210,SHFE,0_0_     2280728,多,开,5000.0,1,2022-04-08 13:45:00
1459,rb2210,SHFE,0_0_     2280728,多,开,5000.0,1,2022-04-08 13:45:00
1460,rb2210,SHFE,0_0_     2281014,空,平今,5002.0,1,2022-04-08 13:45:02
1461,rb2210,SHFE,0_0_     2281380,多,平今,5002.0,4,2022-04-08 13:45:06
1462,rb2210,SHFE,0_0_     2284083,空,平今,4997.0,1,2022-04-08 13:45:33
1463,rb2210,SHFE,0_0_     2284083,空,平今,4997.0,3,2022-04-08 13:45:33
1464,rb2210,SHFE,0_0_     2285386,多,开,4996.0,4,2022-04-08 13:45:41
1465,rb2210,SHFE,0_0_     2286290,空,平今,4997.0,4,2022-04-08 13:45:43
1466,rb2210,SHFE,0_0_     2294539,多,开,4996.0,2,2022-04-08 13:46:48
