,code,exchange,orderid,direction,offset,price,volume,datetime
0,rb2210,SHFE,0_0_         241,空,平昨,5028.0,1,2022-04-12 21:00:12
1,rb2210,SHFE,0_0_         381,多,平昨,5030.0,1,2022-04-12 21:00:17
2,rb2210,SHFE,0_0_         440,空,平昨,5031.0,1,2022-04-12 21:00:19
3,rb2210,SHFE,0_0_         493,多,平昨,5030.0,1,2022-04-12 21:00:19
4,rb2210,SHFE,0_0_         494,空,平昨,5031.0,1,2022-04-12 21:00:19
5,rb2210,SHFE,0_0_         526,多,开,5030.0,1,2022-04-12 21:00:19
6,rb2210,SHFE,0_0_         526,多,开,5030.0,1,2022-04-12 21:00:20
7,rb2210,SHFE,0_0_         526,多,开,5030.0,1,2022-04-12 21:00:20
8,rb2210,SHFE,0_0_         535,空,平昨,5031.0,2,2022-04-12 21:00:20
9,rb2210,SHFE,0_0_         536,多,开,5030.0,1,2022-04-12 21:00:20
10,rb2210,SHFE,0_0_         536,多,开,5030.0,1,2022-04-12 21:00:20
11,rb2210,SHFE,0_0_         564,多,开,5030.0,1,2022-04-12 21:00:21
12,rb2210,SHFE,0_0_         564,多,开,5030.0,1,2022-04-12 21:00:21
13,rb2210,SHFE,0_0_         565,空,平今,5031.0,2,2022-04-12 21:00:21
14,rb2210,SHFE,0_0_         578,多,开,5030.0,2,2022-04-12 21:00:22
15,rb2210,SHFE,0_0_         597,空,平今,5031.0,2,2022-04-12 21:00:22
16,rb2210,SHFE,0_0_         611,多,开,5030.0,2,2022-04-12 21:00:22
17,rb2210,SHFE,0_0_         619,空,平今,5031.0,2,2022-04-12 21:00:22
18,rb2210,SHFE,0_0_         620,多,开,5030.0,2,2022-04-12 21:00:23
19,rb2210,SHFE,0_0_         635,空,开,5031.0,1,2022-04-12 21:00:24
20,rb2210,SHFE,0_0_         635,空,开,5031.0,1,2022-04-12 21:00:24
21,rb2210,SHFE,0_0_         686,空,平今,5029.0,4,2022-04-12 21:00:25
22,rb2210,SHFE,0_0_         635,空,开,5031.0,6,2022-04-12 21:00:25
23,rb2210,SHFE,0_0_         700,多,平今,5029.0,4,2022-04-12 21:00:25
24,rb2210,SHFE,0_0_         807,多,开,5031.0,1,2022-04-12 21:00:29
25,rb2210,SHFE,0_0_         807,多,开,5031.0,1,2022-04-12 21:00:29
26,rb2210,SHFE,0_0_         807,多,开,5031.0,1,2022-04-12 21:00:29
27,rb2210,SHFE,0_0_        1766,空,平今,5025.0,6,2022-04-12 21:01:01
28,rb2210,SHFE,0_0_        2238,多,平今,5020.0,4,2022-04-12 21:01:13
29,rb2210,SHFE,0_0_        2396,多,开,5020.000000000001,2,2022-04-12 21:01:17
30,rb2210,SHFE,0_0_        2400,空,平今,5021.0,2,2022-04-12 21:01:17
31,rb2210,SHFE,0_0_        2415,空,开,5021.0,4,2022-04-12 21:01:18
32,rb2210,SHFE,0_0_        2441,多,平今,5020.0,4,2022-04-12 21:01:18
33,rb2210,SHFE,0_0_        2443,空,开,5021.0,2,2022-04-12 21:01:18
34,rb2210,SHFE,0_0_        2443,空,开,5021.0,1,2022-04-12 21:01:18
35,rb2210,SHFE,0_0_        2443,空,开,5021.0,1,2022-04-12 21:01:18
36,rb2210,SHFE,0_0_        2654,空,开,5020.0,1,2022-04-12 21:01:24
37,rb2210,SHFE,0_0_        2654,空,开,5020.0,1,2022-04-12 21:01:24
38,rb2210,SHFE,0_0_        2670,多,平今,5019.0,2,2022-04-12 21:01:24
39,rb2210,SHFE,0_0_        2687,空,开,5020.0,2,2022-04-12 21:01:24
40,rb2210,SHFE,0_0_        2688,多,平今,5019.0,2,2022-04-12 21:01:24
41,rb2210,SHFE,0_0_        2689,空,开,5020.0,2,2022-04-12 21:01:26
42,rb2210,SHFE,0_0_        2738,多,平今,5019.0,2,2022-04-12 21:01:26
43,rb2210,SHFE,0_0_        2751,空,开,5020.0,2,2022-04-12 21:01:27
44,rb2210,SHFE,0_0_        3184,多,开,5023.0,7,2022-04-12 21:01:41
45,rb2210,SHFE,0_0_        3184,多,开,5023.0,1,2022-04-12 21:01:41
46,rb2210,SHFE,0_0_        2778,多,平今,5019.0,2,2022-04-12 21:02:00
47,rb2210,SHFE,0_0_        3808,空,平今,5020.0,2,2022-04-12 21:02:01
48,rb2210,SHFE,0_0_        3816,空,平今,5020.0,1,2022-04-12 21:02:01
49,rb2210,SHFE,0_0_        3816,空,平今,5020.0,3,2022-04-12 21:02:01
50,rb2210,SHFE,0_0_        4240,空,开,5017.0,1,2022-04-12 21:02:13
51,rb2210,SHFE,0_0_        4240,空,开,5017.0,1,2022-04-12 21:02:13
52,rb2210,SHFE,0_0_        4240,空,开,5017.0,1,2022-04-12 21:02:13
53,rb2210,SHFE,0_0_        4240,空,开,5017.0,1,2022-04-12 21:02:13
54,rb2210,SHFE,0_0_        4333,多,平今,5016.0,2,2022-04-12 21:02:15
55,rb2210,SHFE,0_0_        4360,多,平今,5016.0,2,2022-04-12 21:02:17
56,rb2210,SHFE,0_0_        4431,空,平今,5017.0,2,2022-04-12 21:02:22
57,rb2210,SHFE,0_0_        5562,多,开,5017.0,1,2022-04-12 21:02:41
58,rb2210,SHFE,0_0_        5562,多,开,5017.0,7,2022-04-12 21:02:41
59,rb2210,SHFE,0_0_        5589,空,平今,5018.0,4,2022-04-12 21:02:42
60,rb2210,SHFE,0_0_        6650,空,平今,5018.0,4,2022-04-12 21:02:58
61,rb2210,SHFE,0_0_        4625,多,平今,5016.0,1,2022-04-12 21:03:06
62,rb2210,SHFE,0_0_        4625,多,平今,5016.0,1,2022-04-12 21:03:06
63,rb2210,SHFE,0_0_        7298,空,开,5016.0,4,2022-04-12 21:03:15
64,rb2210,SHFE,0_0_        7788,多,平今,5015.0,1,2022-04-12 21:03:17
65,rb2210,SHFE,0_0_        7788,多,平今,5015.0,1,2022-04-12 21:03:17
66,rb2210,SHFE,0_0_        7788,多,平今,5015.0,1,2022-04-12 21:03:17
67,rb2210,SHFE,0_0_        7788,多,平今,5015.0,1,2022-04-12 21:03:17
68,rb2210,SHFE,0_0_        7932,空,开,5016.0,4,2022-04-12 21:03:17
69,rb2210,SHFE,0_0_        7031,空,开,5018.0,2,2022-04-12 21:03:20
70,rb2210,SHFE,0_0_        8257,多,平今,5017.0,1,2022-04-12 21:03:20
71,rb2210,SHFE,0_0_        8257,多,平今,5017.0,1,2022-04-12 21:03:20
72,rb2210,SHFE,0_0_        8274,多,平今,5016.0,1,2022-04-12 21:03:21
73,rb2210,SHFE,0_0_        8445,多,平今,5017.0,1,2022-04-12 21:03:23
74,rb2210,SHFE,0_0_       10743,多,开,5018.0,1,2022-04-12 21:03:50
75,rb2210,SHFE,0_0_       10743,多,开,5018.0,1,2022-04-12 21:03:50
76,rb2210,SHFE,0_0_       13827,空,开,5016.0,2,2022-04-12 21:04:19
77,rb2210,SHFE,0_0_       13827,空,开,5016.0,2,2022-04-12 21:04:19
78,rb2210,SHFE,0_0_        7939,多,平今,5015.0,2,2022-04-12 21:04:19
79,rb2210,SHFE,0_0_        7939,多,平今,5015.0,2,2022-04-12 21:04:19
80,rb2210,SHFE,0_0_       13871,空,开,5016.0,4,2022-04-12 21:04:19
81,rb2210,SHFE,0_0_       14080,多,平今,5016.0,1,2022-04-12 21:04:22
82,rb2210,SHFE,0_0_       14211,多,平今,5015.0,3,2022-04-12 21:04:26
83,rb2210,SHFE,0_0_       14211,多,平今,5015.0,1,2022-04-12 21:04:26
84,rb2210,SHFE,0_0_       14476,空,平今,5016.0,2,2022-04-12 21:04:28
85,rb2210,SHFE,0_0_       14589,多,开,5015.0,6,2022-04-12 21:04:28
86,rb2210,SHFE,0_0_       15162,空,开,5015.0,2,2022-04-12 21:04:34
87,rb2210,SHFE,0_0_       15162,空,开,5015.0,1,2022-04-12 21:04:35
88,rb2210,SHFE,0_0_       15426,空,开,5015.0,1,2022-04-12 21:04:45
89,rb2210,SHFE,0_0_       15426,空,开,5015.0,1,2022-04-12 21:04:46
90,rb2210,SHFE,0_0_       16642,多,平今,5015.0,5,2022-04-12 21:04:51
91,rb2210,SHFE,0_0_       14620,空,平今,5016.000000000001,6,2022-04-12 21:04:52
92,rb2210,SHFE,0_0_       17133,多,开,5015.0,3,2022-04-12 21:05:04
93,rb2210,SHFE,0_0_       17133,多,开,5015.0,1,2022-04-12 21:05:04
94,rb2210,SHFE,0_0_       17133,多,开,5015.0,2,2022-04-12 21:05:05
95,rb2210,SHFE,0_0_       19746,空,平今,5015.0,4,2022-04-12 21:05:05
96,rb2210,SHFE,0_0_       19851,多,平今,5015.0,3,2022-04-12 21:05:06
97,rb2210,SHFE,0_0_       20011,空,开,5015.0,4,2022-04-12 21:05:07
98,rb2210,SHFE,0_0_       24433,空,开,5015.0,4,2022-04-12 21:05:31
99,rb2210,SHFE,0_0_       24577,多,平今,5014.0,4,2022-04-12 21:05:34
100,rb2210,SHFE,0_0_       25190,空,开,5015.0,3,2022-04-12 21:05:36
101,rb2210,SHFE,0_0_       25475,多,平今,5014.0,3,2022-04-12 21:05:39
102,rb2210,SHFE,0_0_       25888,空,开,5015.0,1,2022-04-12 21:05:39
103,rb2210,SHFE,0_0_       25888,空,开,5015.0,2,2022-04-12 21:05:39
104,rb2210,SHFE,0_0_       25974,多,平今,5014.0,3,2022-04-12 21:05:40
105,rb2210,SHFE,0_0_       26174,空,开,5015.0,3,2022-04-12 21:05:41
106,rb2210,SHFE,0_0_       26349,多,平今,5014.0,3,2022-04-12 21:05:47
107,rb2210,SHFE,0_0_       27022,空,平今,5015.0,1,2022-04-12 21:05:51
108,rb2210,SHFE,0_0_       29093,多,平今,5016.0,4,2022-04-12 21:05:56
109,rb2210,SHFE,0_0_       29542,多,开,5016.0,4,2022-04-12 21:06:00
110,rb2210,SHFE,0_0_       30413,空,平今,5017.0,1,2022-04-12 21:06:06
111,rb2210,SHFE,0_0_       30413,空,平今,5017.0,3,2022-04-12 21:06:06
112,rb2210,SHFE,0_0_       30520,空,开,5017.0,4,2022-04-12 21:06:06
113,rb2210,SHFE,0_0_       34860,空,开,5016.0,3,2022-04-12 21:06:29
114,rb2210,SHFE,0_0_       36691,多,平今,5016.000000000001,3,2022-04-12 21:06:31
115,rb2210,SHFE,0_0_       37146,空,平今,5016.0,1,2022-04-12 21:06:33
116,rb2210,SHFE,0_0_       37404,空,开,5016.0,1,2022-04-12 21:06:34
117,rb2210,SHFE,0_0_       37452,空,开,5016.0,1,2022-04-12 21:06:35
118,rb2210,SHFE,0_0_       37764,空,开,5016.0,1,2022-04-12 21:06:37
119,rb2210,SHFE,0_0_       40662,多,开,5017.0,3,2022-04-12 21:06:55
120,rb2210,SHFE,0_0_       44170,多,开,5019.0,3,2022-04-12 21:07:06
121,rb2210,SHFE,0_0_       49162,多,平今,5020.0,1,2022-04-12 21:07:29
122,rb2210,SHFE,0_0_       52760,多,开,5020.0,2,2022-04-12 21:07:47
123,rb2210,SHFE,0_0_       56443,空,平今,5018.0,2,2022-04-12 21:08:05
124,rb2210,SHFE,0_0_       56443,空,平今,5018.0,1,2022-04-12 21:08:05
125,rb2210,SHFE,0_0_       56443,空,平今,5018.0,1,2022-04-12 21:08:05
126,rb2210,SHFE,0_0_       52912,空,平今,5021.0,1,2022-04-12 21:08:17
127,rb2210,SHFE,0_0_       59366,多,开,5020.0,4,2022-04-12 21:08:22
128,rb2210,SHFE,0_0_       60026,空,平今,5021.0,1,2022-04-12 21:08:28
129,rb2210,SHFE,0_0_       60026,空,平今,5021.0,1,2022-04-12 21:08:28
130,rb2210,SHFE,0_0_       60026,空,平今,5021.0,2,2022-04-12 21:08:28
131,rb2210,SHFE,0_0_       60026,空,平今,5021.0,1,2022-04-12 21:08:29
132,rb2210,SHFE,0_0_       60026,空,平今,5021.0,1,2022-04-12 21:08:29
133,rb2210,SHFE,0_0_       60026,空,平今,5021.0,1,2022-04-12 21:08:29
134,rb2210,SHFE,0_0_       63941,多,开,5022.0,4,2022-04-12 21:08:42
135,rb2210,SHFE,0_0_       67404,空,平今,5023.0,2,2022-04-12 21:08:56
136,rb2210,SHFE,0_0_       68701,多,平今,5022.0,1,2022-04-12 21:09:10
137,rb2210,SHFE,0_0_       72968,空,开,5025.0,1,2022-04-12 21:09:22
138,rb2210,SHFE,0_0_       72968,空,开,5025.0,2,2022-04-12 21:09:22
139,rb2210,SHFE,0_0_       73883,多,平今,5025.0,4,2022-04-12 21:09:26
140,rb2210,SHFE,0_0_       72969,多,平今,5024.0,1,2022-04-12 21:09:41
141,rb2210,SHFE,0_0_       72969,多,平今,5024.0,1,2022-04-12 21:09:41
142,rb2210,SHFE,0_0_       72969,多,平今,5024.0,1,2022-04-12 21:09:49
143,rb2210,SHFE,0_0_       80247,空,平今,5026.0,2,2022-04-12 21:09:56
144,rb2210,SHFE,0_0_       81381,空,开,5026.0,2,2022-04-12 21:10:01
145,rb2210,SHFE,0_0_       73458,多,平今,5024.0,1,2022-04-12 21:10:04
146,rb2210,SHFE,0_0_       82302,空,开,5024.0,1,2022-04-12 21:10:06
147,rb2210,SHFE,0_0_       84341,空,开,5025.0,1,2022-04-12 21:10:20
148,rb2210,SHFE,0_0_       81949,空,开,5026.0,2,2022-04-12 21:10:25
149,rb2210,SHFE,0_0_       86767,多,平今,5025.0,2,2022-04-12 21:10:27
150,rb2210,SHFE,0_0_       89607,空,开,5027.0,1,2022-04-12 21:10:39
151,rb2210,SHFE,0_0_       89988,多,平今,5027.0,1,2022-04-12 21:10:39
152,rb2210,SHFE,0_0_       87630,多,开,5025.0,2,2022-04-12 21:10:43
153,rb2210,SHFE,0_0_       90504,空,开,5026.0,2,2022-04-12 21:10:44
154,rb2210,SHFE,0_0_       91331,多,平今,5025.000000000001,2,2022-04-12 21:11:00
155,rb2210,SHFE,0_0_       86007,多,平今,5024.0,4,2022-04-12 21:11:06
156,rb2210,SHFE,0_0_       95645,空,开,5025.0,8,2022-04-12 21:11:07
157,rb2210,SHFE,0_0_       96170,多,平今,5024.0,3,2022-04-12 21:11:10
158,rb2210,SHFE,0_0_       96585,空,开,5025.0,3,2022-04-12 21:11:28
159,rb2210,SHFE,0_0_      100487,多,平今,5024.0,3,2022-04-12 21:11:28
160,rb2210,SHFE,0_0_      107227,多,平今,5020.0,3,2022-04-12 21:11:58
161,rb2210,SHFE,0_0_      128720,多,平今,5020.0,1,2022-04-12 21:14:04
162,rb2210,SHFE,0_0_      130184,空,平今,5021.0,1,2022-04-12 21:14:04
163,rb2210,SHFE,0_0_      139524,多,开,5017.0,1,2022-04-12 21:14:55
164,rb2210,SHFE,0_0_      139524,多,开,5017.0,1,2022-04-12 21:14:55
165,rb2210,SHFE,0_0_      139524,多,开,5017.0,1,2022-04-12 21:14:56
166,rb2210,SHFE,0_0_      140150,空,平今,5018.0,2,2022-04-12 21:15:02
167,rb2210,SHFE,0_0_      141391,多,开,5017.0,1,2022-04-12 21:15:02
168,rb2210,SHFE,0_0_      141391,多,开,5017.0,1,2022-04-12 21:15:02
169,rb2210,SHFE,0_0_      147164,多,平今,5013.0,1,2022-04-12 21:15:31
170,rb2210,SHFE,0_0_      147427,空,平今,5014.0,2,2022-04-12 21:15:32
171,rb2210,SHFE,0_0_      147676,空,平今,5014.0,1,2022-04-12 21:15:33
172,rb2210,SHFE,0_0_      165958,多,开,5013.0,1,2022-04-12 21:17:07
173,rb2210,SHFE,0_0_      167123,多,开,5014.0,1,2022-04-12 21:17:13
174,rb2210,SHFE,0_0_      172367,空,开,5012.0,4,2022-04-12 21:17:51
175,rb2210,SHFE,0_0_      174847,多,平今,5012.0,1,2022-04-12 21:18:11
176,rb2210,SHFE,0_0_      180265,空,平今,5011.0,1,2022-04-12 21:18:40
177,rb2210,SHFE,0_0_      180772,空,开,5011.0,3,2022-04-12 21:18:42
178,rb2210,SHFE,0_0_      182301,多,平今,5009.0,1,2022-04-12 21:18:53
179,rb2210,SHFE,0_0_      182301,多,平今,5009.0,1,2022-04-12 21:18:53
180,rb2210,SHFE,0_0_      180918,空,平今,5011.0,2,2022-04-12 21:18:57
181,rb2210,SHFE,0_0_      182934,多,平今,5010.0,3,2022-04-12 21:18:57
182,rb2210,SHFE,0_0_      184560,空,开,5010.0,4,2022-04-12 21:19:06
183,rb2210,SHFE,0_0_      184739,多,开,5010.0,6,2022-04-12 21:19:07
184,rb2210,SHFE,0_0_      182939,空,开,5011.0,3,2022-04-12 21:19:07
185,rb2210,SHFE,0_0_      184919,多,平今,5010.0,3,2022-04-12 21:19:08
186,rb2210,SHFE,0_0_      185080,空,平今,5011.0,3,2022-04-12 21:19:08
187,rb2210,SHFE,0_0_      185109,多,平今,5010.0,3,2022-04-12 21:19:10
188,rb2210,SHFE,0_0_      185294,空,平今,5011.0,1,2022-04-12 21:19:12
189,rb2210,SHFE,0_0_      185294,空,平今,5011.0,1,2022-04-12 21:19:12
190,rb2210,SHFE,0_0_      185461,空,平今,5011.0,1,2022-04-12 21:19:13
191,rb2210,SHFE,0_0_      185884,多,开,5010.0,3,2022-04-12 21:19:13
192,rb2210,SHFE,0_0_      187022,多,平今,5012.0,2,2022-04-12 21:19:21
193,rb2210,SHFE,0_0_      187616,多,开,5012.0,1,2022-04-12 21:19:29
194,rb2210,SHFE,0_0_      188670,空,开,5013.0,1,2022-04-12 21:19:38
195,rb2210,SHFE,0_0_      188670,空,开,5013.0,1,2022-04-12 21:19:42
196,rb2210,SHFE,0_0_      188670,空,开,5013.0,1,2022-04-12 21:19:43
197,rb2210,SHFE,0_0_      186033,多,开,5010.0,1,2022-04-12 21:19:54
198,rb2210,SHFE,0_0_      186033,多,开,5010.0,1,2022-04-12 21:19:55
199,rb2210,SHFE,0_0_      186033,多,开,5010.0,1,2022-04-12 21:19:55
200,rb2210,SHFE,0_0_      186033,多,开,5010.0,1,2022-04-12 21:19:55
201,rb2210,SHFE,0_0_      193043,空,平今,5011.000000000001,2,2022-04-12 21:19:58
202,rb2210,SHFE,0_0_      193043,空,平今,5011.000000000001,1,2022-04-12 21:19:58
203,rb2210,SHFE,0_0_      193728,空,平今,5010.0,3,2022-04-12 21:20:06
204,rb2210,SHFE,0_0_      193728,空,平今,5010.0,1,2022-04-12 21:20:06
205,rb2210,SHFE,0_0_      197052,多,平今,5009.0,1,2022-04-12 21:20:20
206,rb2210,SHFE,0_0_      188670,空,开,5013.0,2,2022-04-12 21:20:33
207,rb2210,SHFE,0_0_      200576,多,平今,5012.0,3,2022-04-12 21:20:38
208,rb2210,SHFE,0_0_      200925,多,开,5012.0,2,2022-04-12 21:20:40
209,rb2210,SHFE,0_0_      201352,多,开,5012.0,1,2022-04-12 21:20:54
210,rb2210,SHFE,0_0_      201352,多,开,5012.0,2,2022-04-12 21:20:54
211,rb2210,SHFE,0_0_      211976,多,开,5014.0,2,2022-04-12 21:21:57
212,rb2210,SHFE,0_0_      213670,空,平今,5015.0,1,2022-04-12 21:21:59
213,rb2210,SHFE,0_0_      226760,多,平今,5012.0,1,2022-04-12 21:23:22
214,rb2210,SHFE,0_0_      228183,空,平今,5013.0,2,2022-04-12 21:24:00
215,rb2210,SHFE,0_0_      214065,空,平今,5015.0,1,2022-04-12 21:24:33
216,rb2210,SHFE,0_0_      241925,空,平今,5015.0,1,2022-04-12 21:25:00
217,rb2210,SHFE,0_0_      242380,空,开,5015.0,4,2022-04-12 21:25:31
218,rb2210,SHFE,0_0_      247472,多,平今,5014.0,4,2022-04-12 21:25:40
219,rb2210,SHFE,0_0_      249288,空,开,5015.0,1,2022-04-12 21:25:40
220,rb2210,SHFE,0_0_      249288,空,开,5015.0,2,2022-04-12 21:25:40
221,rb2210,SHFE,0_0_      249288,空,开,5015.0,1,2022-04-12 21:25:40
222,rb2210,SHFE,0_0_      249896,多,平今,5013.0,2,2022-04-12 21:25:46
223,rb2210,SHFE,0_0_      250340,空,开,5013.0,3,2022-04-12 21:25:48
224,rb2210,SHFE,0_0_      250340,空,开,5013.0,1,2022-04-12 21:25:48
225,rb2210,SHFE,0_0_      232219,多,开,5012.0,2,2022-04-12 21:25:49
226,rb2210,SHFE,0_0_      250772,多,平今,5012.0,1,2022-04-12 21:25:50
227,rb2210,SHFE,0_0_      250878,空,平今,5013.0,1,2022-04-12 21:25:56
228,rb2210,SHFE,0_0_      251043,空,平今,5013.0,1,2022-04-12 21:25:59
229,rb2210,SHFE,0_0_      254138,多,平今,5013.0,2,2022-04-12 21:26:11
230,rb2210,SHFE,0_0_      255578,多,开,5014.0,5,2022-04-12 21:26:22
231,rb2210,SHFE,0_0_      252221,多,平今,5012.0,1,2022-04-12 21:26:41
232,rb2210,SHFE,0_0_      257944,空,平今,5013.0,2,2022-04-12 21:26:43
233,rb2210,SHFE,0_0_      260031,空,开,5013.0,2,2022-04-12 21:27:10
234,rb2210,SHFE,0_0_      260031,空,开,5013.0,1,2022-04-12 21:27:11
235,rb2210,SHFE,0_0_      260031,空,开,5013.0,2,2022-04-12 21:27:12
236,rb2210,SHFE,0_0_      260031,空,开,5013.0,1,2022-04-12 21:27:13
237,rb2210,SHFE,0_0_      258431,空,平今,5014.0,1,2022-04-12 21:27:18
238,rb2210,SHFE,0_0_      266098,多,开,5016.0,1,2022-04-12 21:27:46
239,rb2210,SHFE,0_0_      266098,多,开,5016.0,1,2022-04-12 21:27:46
240,rb2210,SHFE,0_0_      266098,多,开,5016.0,1,2022-04-12 21:27:46
241,rb2210,SHFE,0_0_      264620,多,平今,5015.0,1,2022-04-12 21:27:46
242,rb2210,SHFE,0_0_      264620,多,平今,5015.0,1,2022-04-12 21:27:47
243,rb2210,SHFE,0_0_      264620,多,平今,5015.0,1,2022-04-12 21:27:47
244,rb2210,SHFE,0_0_      266763,多,平今,5017.0,1,2022-04-12 21:28:05
245,rb2210,SHFE,0_0_      264620,多,平今,5015.0,1,2022-04-12 21:28:13
246,rb2210,SHFE,0_0_      264669,多,平今,5015.0,1,2022-04-12 21:28:14
247,rb2210,SHFE,0_0_      263078,多,平今,5013.0,1,2022-04-12 21:28:38
248,rb2210,SHFE,0_0_      263078,多,平今,5013.0,1,2022-04-12 21:28:38
249,rb2210,SHFE,0_0_      275177,空,平今,5014.0,1,2022-04-12 21:28:51
250,rb2210,SHFE,0_0_      277018,空,平今,5014.0,1,2022-04-12 21:28:55
251,rb2210,SHFE,0_0_      277047,空,平今,5014.0,1,2022-04-12 21:28:55
252,rb2210,SHFE,0_0_      270176,空,平今,5016.0,4,2022-04-12 21:29:05
253,rb2210,SHFE,0_0_      279214,多,开,5015.0,4,2022-04-12 21:29:05
254,rb2210,SHFE,0_0_      283912,空,平今,5015.0,1,2022-04-12 21:29:37
255,rb2210,SHFE,0_0_      308816,空,平今,5006.0,4,2022-04-12 21:32:06
256,rb2210,SHFE,0_0_      308917,多,开,5006.0,4,2022-04-12 21:32:07
257,rb2210,SHFE,0_0_      315078,空,平今,5010.0,2,2022-04-12 21:32:44
258,rb2210,SHFE,0_0_      316090,多,开,5010.0,1,2022-04-12 21:32:54
259,rb2210,SHFE,0_0_      327698,多,开,5013.0,2,2022-04-12 21:33:55
260,rb2210,SHFE,0_0_      293554,空,开,5015.0,7,2022-04-12 21:34:04
261,rb2210,SHFE,0_0_      331559,多,平今,5014.0,3,2022-04-12 21:34:04
262,rb2210,SHFE,0_0_      335367,多,平今,5013.0,2,2022-04-12 21:34:27
263,rb2210,SHFE,0_0_      339912,多,开,5013.0,3,2022-04-12 21:34:55
264,rb2210,SHFE,0_0_      341347,空,平今,5011.0,4,2022-04-12 21:35:07
265,rb2210,SHFE,0_0_      341645,空,平今,5012.0,2,2022-04-12 21:35:11
266,rb2210,SHFE,0_0_      349037,多,开,5012.0,3,2022-04-12 21:35:45
267,rb2210,SHFE,0_0_      349687,空,平今,5013.0,3,2022-04-12 21:35:46
268,rb2210,SHFE,0_0_      369735,多,平今,5006.0,2,2022-04-12 21:38:14
269,rb2210,SHFE,0_0_      370080,空,开,5006.0,2,2022-04-12 21:38:19
270,rb2210,SHFE,0_0_      370080,空,开,5006.0,1,2022-04-12 21:38:20
271,rb2210,SHFE,0_0_      370780,多,平今,5005.0,1,2022-04-12 21:38:21
272,rb2210,SHFE,0_0_      370893,多,平今,5005.0,2,2022-04-12 21:38:21
273,rb2210,SHFE,0_0_      371097,多,开,5005.0,1,2022-04-12 21:38:24
274,rb2210,SHFE,0_0_      372158,空,平今,5005.000000000001,1,2022-04-12 21:38:31
275,rb2210,SHFE,0_0_      372585,多,开,5005.0,1,2022-04-12 21:38:39
276,rb2210,SHFE,0_0_      380512,空,开,5002.0,2,2022-04-12 21:39:19
277,rb2210,SHFE,0_0_      382018,空,开,5000.0,2,2022-04-12 21:39:27
278,rb2210,SHFE,0_0_      384578,多,平今,5001.000000000001,1,2022-04-12 21:39:46
279,rb2210,SHFE,0_0_      384773,空,开,5002.0,1,2022-04-12 21:39:47
280,rb2210,SHFE,0_0_      386246,多,平今,5002.0,4,2022-04-12 21:40:04
281,rb2210,SHFE,0_0_      387498,空,开,5003.0,4,2022-04-12 21:40:10
282,rb2210,SHFE,0_0_      388419,多,平今,5002.000000000001,1,2022-04-12 21:40:11
283,rb2210,SHFE,0_0_      388419,多,平今,5002.000000000001,1,2022-04-12 21:40:12
284,rb2210,SHFE,0_0_      388419,多,平今,5002.000000000001,1,2022-04-12 21:40:12
285,rb2210,SHFE,0_0_      388696,空,开,5002.0,1,2022-04-12 21:40:14
286,rb2210,SHFE,0_0_      388696,空,开,5002.0,1,2022-04-12 21:40:14
287,rb2210,SHFE,0_0_      388696,空,开,5002.0,1,2022-04-12 21:40:14
288,rb2210,SHFE,0_0_      389834,空,平今,4998.0,1,2022-04-12 21:40:20
289,rb2210,SHFE,0_0_      389834,空,平今,4998.0,1,2022-04-12 21:40:20
290,rb2210,SHFE,0_0_      390232,多,平今,4997.0,3,2022-04-12 21:40:21
291,rb2210,SHFE,0_0_      390340,空,开,4996.0,2,2022-04-12 21:40:26
292,rb2210,SHFE,0_0_      391047,多,平今,4995.0,2,2022-04-12 21:40:26
293,rb2210,SHFE,0_0_      391101,空,开,4996.0,6,2022-04-12 21:40:27
294,rb2210,SHFE,0_0_      391512,多,开,4996.0,1,2022-04-12 21:40:30
295,rb2210,SHFE,0_0_      391512,多,开,4996.0,1,2022-04-12 21:40:30
296,rb2210,SHFE,0_0_      391512,多,开,4996.0,2,2022-04-12 21:40:30
297,rb2210,SHFE,0_0_      392306,多,平今,4996.0,1,2022-04-12 21:40:34
298,rb2210,SHFE,0_0_      393018,空,平今,4997.0,1,2022-04-12 21:40:38
299,rb2210,SHFE,0_0_      393670,多,开,4997.0,4,2022-04-12 21:40:41
300,rb2210,SHFE,0_0_      393784,空,平今,4998.0,4,2022-04-12 21:40:44
301,rb2210,SHFE,0_0_      394433,空,平今,4998.0,3,2022-04-12 21:40:52
302,rb2210,SHFE,0_0_      395190,多,开,4997.0,3,2022-04-12 21:40:55
303,rb2210,SHFE,0_0_      399179,多,开,4998.0,3,2022-04-12 21:42:10
304,rb2210,SHFE,0_0_      406568,空,平今,4998.0,4,2022-04-12 21:42:13
305,rb2210,SHFE,0_0_      408234,多,开,4999.000000000001,1,2022-04-12 21:42:37
306,rb2210,SHFE,0_0_      407378,多,开,4997.0,4,2022-04-12 21:44:42
307,rb2210,SHFE,0_0_      391141,多,平今,4995.0,1,2022-04-12 21:44:50
308,rb2210,SHFE,0_0_      391141,多,平今,4995.0,3,2022-04-12 21:44:50
309,rb2210,SHFE,0_0_      391141,多,平今,4995.0,1,2022-04-12 21:44:51
310,rb2210,SHFE,0_0_      391141,多,平今,4995.0,1,2022-04-12 21:44:51
311,rb2210,SHFE,0_0_      429127,空,开,4995.0,1,2022-04-12 21:44:58
312,rb2210,SHFE,0_0_      429127,空,开,4995.0,1,2022-04-12 21:44:58
313,rb2210,SHFE,0_0_      428512,空,开,4996.0,2,2022-04-12 21:45:01
314,rb2210,SHFE,0_0_      428568,空,开,4996.0,2,2022-04-12 21:45:01
315,rb2210,SHFE,0_0_      430199,多,平今,4996.0,3,2022-04-12 21:45:02
316,rb2210,SHFE,0_0_      430995,空,开,4996.0,1,2022-04-12 21:45:06
317,rb2210,SHFE,0_0_      430995,空,开,4996.0,3,2022-04-12 21:45:06
318,rb2210,SHFE,0_0_      431386,多,平今,4995.000000000001,1,2022-04-12 21:45:08
319,rb2210,SHFE,0_0_      436566,多,平今,4995.0,2,2022-04-12 21:45:44
320,rb2210,SHFE,0_0_      445349,空,平今,4992.0,1,2022-04-12 21:46:41
321,rb2210,SHFE,0_0_      446802,多,平今,4991.000000000001,1,2022-04-12 21:46:43
322,rb2210,SHFE,0_0_      447120,空,平今,4992.0,3,2022-04-12 21:46:57
323,rb2210,SHFE,0_0_      448719,多,平今,4991.0,1,2022-04-12 21:47:05
324,rb2210,SHFE,0_0_      448719,多,平今,4991.0,1,2022-04-12 21:47:05
325,rb2210,SHFE,0_0_      448719,多,平今,4991.0,1,2022-04-12 21:47:08
326,rb2210,SHFE,0_0_      450498,空,开,4992.0,1,2022-04-12 21:47:08
327,rb2210,SHFE,0_0_      457502,空,开,4995.000000000001,4,2022-04-12 21:47:59
328,rb2210,SHFE,0_0_      457502,空,开,4995.000000000001,2,2022-04-12 21:47:59
329,rb2210,SHFE,0_0_      457586,多,平今,4995.0,1,2022-04-12 21:48:00
330,rb2210,SHFE,0_0_      437777,空,开,4996.0,1,2022-04-12 21:48:00
331,rb2210,SHFE,0_0_      457586,多,平今,4995.0,3,2022-04-12 21:48:00
332,rb2210,SHFE,0_0_      457655,多,平今,4995.0,4,2022-04-12 21:48:02
333,rb2210,SHFE,0_0_      426971,空,平今,4998.0,4,2022-04-12 21:48:10
334,rb2210,SHFE,0_0_      457970,多,开,4995.0,1,2022-04-12 21:48:46
335,rb2210,SHFE,0_0_      468770,多,开,4997.0,2,2022-04-12 21:49:32
336,rb2210,SHFE,0_0_      468970,空,开,4998.0,4,2022-04-12 21:49:33
337,rb2210,SHFE,0_0_      476460,空,开,4995.0,4,2022-04-12 21:50:47
338,rb2210,SHFE,0_0_      477910,多,平今,4995.0,3,2022-04-12 21:50:54
339,rb2210,SHFE,0_0_      482118,空,平今,4994.0,2,2022-04-12 21:51:29
340,rb2210,SHFE,0_0_      482221,空,开,4994.0,2,2022-04-12 21:51:30
341,rb2210,SHFE,0_0_      482475,多,平今,4994.0,1,2022-04-12 21:51:35
342,rb2210,SHFE,0_0_      482810,空,开,4993.0,1,2022-04-12 21:51:40
343,rb2210,SHFE,0_0_      482810,空,开,4993.0,1,2022-04-12 21:51:40
344,rb2210,SHFE,0_0_      483764,多,平今,4993.0,2,2022-04-12 21:51:46
345,rb2210,SHFE,0_0_      486241,多,平今,4993.0,2,2022-04-12 21:52:06
346,rb2210,SHFE,0_0_      486827,多,平今,4993.0,1,2022-04-12 21:52:10
347,rb2210,SHFE,0_0_      486827,多,平今,4993.0,1,2022-04-12 21:52:10
348,rb2210,SHFE,0_0_      495827,多,平今,4990.0,1,2022-04-12 21:53:14
349,rb2210,SHFE,0_0_      497083,多,开,4989.0,7,2022-04-12 21:53:26
350,rb2210,SHFE,0_0_      497261,空,平今,4989.0,2,2022-04-12 21:53:30
351,rb2210,SHFE,0_0_      497925,空,平今,4989.0,1,2022-04-12 21:53:31
352,rb2210,SHFE,0_0_      493060,空,开,4991.0,2,2022-04-12 21:53:48
353,rb2210,SHFE,0_0_      493060,空,开,4991.0,1,2022-04-12 21:53:49
354,rb2210,SHFE,0_0_      499177,多,平今,4990.0,1,2022-04-12 21:53:50
355,rb2210,SHFE,0_0_      500090,空,平今,4991.0,3,2022-04-12 21:54:09
356,rb2210,SHFE,0_0_      500090,空,平今,4991.0,1,2022-04-12 21:54:09
357,rb2210,SHFE,0_0_      501355,多,开,4990.0,4,2022-04-12 21:54:10
358,rb2210,SHFE,0_0_      501557,空,平今,4991.0,1,2022-04-12 21:54:11
359,rb2210,SHFE,0_0_      501631,多,平今,4990.0,2,2022-04-12 21:54:18
360,rb2210,SHFE,0_0_      502066,空,平今,4991.0,1,2022-04-12 21:54:18
361,rb2210,SHFE,0_0_      502066,空,平今,4991.0,1,2022-04-12 21:54:18
362,rb2210,SHFE,0_0_      505197,多,开,4991.0,2,2022-04-12 21:54:50
363,rb2210,SHFE,0_0_      502088,多,开,4990.0,2,2022-04-12 21:54:51
364,rb2210,SHFE,0_0_      505496,空,平今,4991.0,2,2022-04-12 21:54:52
365,rb2210,SHFE,0_0_      505395,空,平今,4992.0,1,2022-04-12 21:54:52
366,rb2210,SHFE,0_0_      505395,空,平今,4992.0,1,2022-04-12 21:54:52
367,rb2210,SHFE,0_0_      505395,空,平今,4992.0,1,2022-04-12 21:54:52
368,rb2210,SHFE,0_0_      505537,多,开,4991.0,2,2022-04-12 21:55:00
369,rb2210,SHFE,0_0_      506935,空,平今,4992.0,2,2022-04-12 21:55:00
370,rb2210,SHFE,0_0_      505501,多,开,4990.0,2,2022-04-12 21:55:04
371,rb2210,SHFE,0_0_      507629,空,平今,4991.0,1,2022-04-12 21:56:57
372,rb2210,SHFE,0_0_      507629,空,平今,4991.0,1,2022-04-12 21:56:57
373,rb2210,SHFE,0_0_      509125,空,开,4991.0,4,2022-04-12 21:56:58
374,rb2210,SHFE,0_0_      522325,多,开,4990.0,2,2022-04-12 21:57:00
375,rb2210,SHFE,0_0_      522389,多,平今,4990.0,4,2022-04-12 21:57:00
376,rb2210,SHFE,0_0_      523957,空,平今,4989.0,1,2022-04-12 21:57:18
377,rb2210,SHFE,0_0_      522691,空,开,4991.0,4,2022-04-12 21:57:34
378,rb2210,SHFE,0_0_      527448,多,平今,4990.0,4,2022-04-12 21:57:35
379,rb2210,SHFE,0_0_      527635,空,开,4991.0,4,2022-04-12 21:57:40
380,rb2210,SHFE,0_0_      529656,多,平今,4990.0,1,2022-04-12 21:57:59
381,rb2210,SHFE,0_0_      529656,多,平今,4990.0,1,2022-04-12 21:57:59
382,rb2210,SHFE,0_0_      529656,多,平今,4990.0,3,2022-04-12 21:57:59
383,rb2210,SHFE,0_0_      528104,空,平今,4991.0,1,2022-04-12 21:58:03
384,rb2210,SHFE,0_0_      530548,多,开,4992.0,4,2022-04-12 21:58:06
385,rb2210,SHFE,0_0_      530712,空,平今,4992.0,1,2022-04-12 21:58:07
386,rb2210,SHFE,0_0_      530896,空,开,4992.0,4,2022-04-12 21:58:09
387,rb2210,SHFE,0_0_      486942,空,开,4994.0,2,2022-04-12 21:58:13
388,rb2210,SHFE,0_0_      532009,多,平今,4993.0,1,2022-04-12 21:58:31
389,rb2210,SHFE,0_0_      532009,多,平今,4993.0,1,2022-04-12 21:58:32
390,rb2210,SHFE,0_0_      532009,多,平今,4993.0,1,2022-04-12 21:58:32
391,rb2210,SHFE,0_0_      534605,空,开,4993.0,1,2022-04-12 21:58:40
392,rb2210,SHFE,0_0_      534605,空,开,4993.0,2,2022-04-12 21:58:40
393,rb2210,SHFE,0_0_      534605,空,开,4993.0,1,2022-04-12 21:58:40
394,rb2210,SHFE,0_0_      534605,空,开,4993.0,1,2022-04-12 21:58:40
395,rb2210,SHFE,0_0_      535526,多,平今,4993.0,4,2022-04-12 21:58:46
396,rb2210,SHFE,0_0_      545548,多,开,4996.0,1,2022-04-12 22:00:03
397,rb2210,SHFE,0_0_      548822,多,开,4998.000000000001,1,2022-04-12 22:00:17
398,rb2210,SHFE,0_0_      549016,多,开,4998.0,2,2022-04-12 22:00:21
399,rb2210,SHFE,0_0_      551126,空,平今,4999.0,2,2022-04-12 22:00:31
400,rb2210,SHFE,0_0_      551450,多,开,4999.0,2,2022-04-12 22:00:33
401,rb2210,SHFE,0_0_      554990,空,平今,4995.0,2,2022-04-12 22:01:03
402,rb2210,SHFE,0_0_      544788,多,平今,4994.0,4,2022-04-12 22:01:04
403,rb2210,SHFE,0_0_      555937,空,平今,4995.0,1,2022-04-12 22:01:11
404,rb2210,SHFE,0_0_      560739,空,开,4992.0,4,2022-04-12 22:01:44
405,rb2210,SHFE,0_0_      565163,空,平今,4989.0,4,2022-04-12 22:02:20
406,rb2210,SHFE,0_0_      565163,空,平今,4989.0,1,2022-04-12 22:02:20
407,rb2210,SHFE,0_0_      565775,多,平今,4987.0,4,2022-04-12 22:02:23
408,rb2210,SHFE,0_0_      567386,多,开,4984.0,8,2022-04-12 22:03:20
409,rb2210,SHFE,0_0_      586223,空,开,4985.0,7,2022-04-12 22:05:09
410,rb2210,SHFE,0_0_      586974,空,平今,4985.0,2,2022-04-12 22:05:15
411,rb2210,SHFE,0_0_      583919,空,平今,4988.0,4,2022-04-12 22:05:29
412,rb2210,SHFE,0_0_      587051,多,平今,4984.0,4,2022-04-12 22:05:55
413,rb2210,SHFE,0_0_      593804,空,开,4984.0,5,2022-04-12 22:06:03
414,rb2210,SHFE,0_0_      595036,多,开,4986.0,2,2022-04-12 22:06:12
415,rb2210,SHFE,0_0_      598411,多,开,4988.0,1,2022-04-12 22:06:34
416,rb2210,SHFE,0_0_      598656,空,平今,4989.0,1,2022-04-12 22:06:54
417,rb2210,SHFE,0_0_      600884,多,开,4988.0,1,2022-04-12 22:07:08
418,rb2210,SHFE,0_0_      617899,空,平今,4986.0,1,2022-04-12 22:09:14
419,rb2210,SHFE,0_0_      621123,多,开,4988.0,4,2022-04-12 22:09:42
420,rb2210,SHFE,0_0_      621331,空,平今,4988.0,3,2022-04-12 22:09:46
421,rb2210,SHFE,0_0_      621936,空,平今,4989.0,4,2022-04-12 22:09:55
422,rb2210,SHFE,0_0_      622412,多,开,4990.0,3,2022-04-12 22:09:57
423,rb2210,SHFE,0_0_      622700,空,平今,4989.0,1,2022-04-12 22:09:59
424,rb2210,SHFE,0_0_      629135,空,平今,4991.0,2,2022-04-12 22:10:58
425,rb2210,SHFE,0_0_      630805,多,平今,4991.0,4,2022-04-12 22:11:16
426,rb2210,SHFE,0_0_      659816,空,开,4986.0,2,2022-04-12 22:14:48
427,rb2210,SHFE,0_0_      657810,空,平今,4989.0,1,2022-04-12 22:15:15
428,rb2210,SHFE,0_0_      672302,多,开,4987.0,1,2022-04-12 22:16:40
429,rb2210,SHFE,0_0_      672302,多,开,4987.0,1,2022-04-12 22:16:42
430,rb2210,SHFE,0_0_      672302,多,开,4987.0,1,2022-04-12 22:16:43
431,rb2210,SHFE,0_0_      667238,多,平今,4986.0,1,2022-04-12 22:16:53
432,rb2210,SHFE,0_0_      667238,多,平今,4986.0,1,2022-04-12 22:16:53
433,rb2210,SHFE,0_0_      673722,空,平今,4988.0,1,2022-04-12 22:17:02
434,rb2210,SHFE,0_0_      677460,多,开,4991.0,1,2022-04-12 22:17:18
435,rb2210,SHFE,0_0_      677460,多,开,4991.0,1,2022-04-12 22:17:57
436,rb2210,SHFE,0_0_      683499,空,平今,4992.0,1,2022-04-12 22:17:58
437,rb2210,SHFE,0_0_      675046,多,开,4987.0,1,2022-04-12 22:18:53
438,rb2210,SHFE,0_0_      689912,多,开,4987.0,1,2022-04-12 22:18:56
439,rb2210,SHFE,0_0_      689929,空,平今,4988.0,3,2022-04-12 22:18:56
440,rb2210,SHFE,0_0_      689929,空,平今,4988.0,1,2022-04-12 22:18:56
441,rb2210,SHFE,0_0_      695029,空,平今,4987.0,1,2022-04-12 22:19:52
442,rb2210,SHFE,0_0_      695516,多,开,4987.0,1,2022-04-12 22:20:00
443,rb2210,SHFE,0_0_      689980,空,开,4989.0,2,2022-04-12 22:20:20
444,rb2210,SHFE,0_0_      698249,多,平今,4989.0,1,2022-04-12 22:20:22
445,rb2210,SHFE,0_0_      698052,多,开,4988.0,4,2022-04-12 22:20:23
446,rb2210,SHFE,0_0_      700509,多,平今,4986.0,1,2022-04-12 22:20:42
447,rb2210,SHFE,0_0_      705571,空,平今,4986.0,1,2022-04-12 22:21:21
448,rb2210,SHFE,0_0_      705571,空,平今,4986.0,2,2022-04-12 22:21:21
449,rb2210,SHFE,0_0_      594433,多,平今,4984.0,1,2022-04-12 22:22:20
450,rb2210,SHFE,0_0_      594433,多,平今,4984.0,3,2022-04-12 22:22:20
451,rb2210,SHFE,0_0_      712605,空,开,4983.0,1,2022-04-12 22:22:23
452,rb2210,SHFE,0_0_      712605,空,开,4983.0,1,2022-04-12 22:22:23
453,rb2210,SHFE,0_0_      712605,空,开,4983.0,1,2022-04-12 22:22:23
454,rb2210,SHFE,0_0_      712605,空,开,4983.0,1,2022-04-12 22:22:23
455,rb2210,SHFE,0_0_      712440,空,开,4984.0,3,2022-04-12 22:22:32
456,rb2210,SHFE,0_0_      714559,多,平今,4982.0,3,2022-04-12 22:22:36
457,rb2210,SHFE,0_0_      715695,多,平今,4981.0,1,2022-04-12 22:22:45
458,rb2210,SHFE,0_0_      716143,空,开,4978.0,4,2022-04-12 22:22:49
459,rb2210,SHFE,0_0_      716041,空,平今,4979.000000000001,2,2022-04-12 22:22:58
460,rb2210,SHFE,0_0_      716949,多,平今,4978.0,4,2022-04-12 22:22:59
461,rb2210,SHFE,0_0_      717019,空,开,4978.0,1,2022-04-12 22:23:00
462,rb2210,SHFE,0_0_      716869,多,平今,4977.0,2,2022-04-12 22:23:01
463,rb2210,SHFE,0_0_      717613,空,开,4978.0,2,2022-04-12 22:23:04
464,rb2210,SHFE,0_0_      717255,多,开,4977.0,1,2022-04-12 22:23:05
465,rb2210,SHFE,0_0_      717255,多,开,4977.0,3,2022-04-12 22:23:05
466,rb2210,SHFE,0_0_      717689,空,平今,4978.0,4,2022-04-12 22:23:08
467,rb2210,SHFE,0_0_      717761,空,开,4978.0,2,2022-04-12 22:23:08
468,rb2210,SHFE,0_0_      718159,多,开,4977.0,1,2022-04-12 22:23:08
469,rb2210,SHFE,0_0_      718159,多,开,4977.0,5,2022-04-12 22:23:08
470,rb2210,SHFE,0_0_      718159,多,开,4977.0,1,2022-04-12 22:23:08
471,rb2210,SHFE,0_0_      718159,多,开,4977.0,1,2022-04-12 22:23:09
472,rb2210,SHFE,0_0_      718186,空,平今,4978.0,4,2022-04-12 22:23:09
473,rb2210,SHFE,0_0_      718250,多,平今,4977.0,6,2022-04-12 22:23:09
474,rb2210,SHFE,0_0_      718281,空,开,4978.0,1,2022-04-12 22:23:10
475,rb2210,SHFE,0_0_      718281,空,开,4978.0,1,2022-04-12 22:23:10
476,rb2210,SHFE,0_0_      718281,空,开,4978.0,1,2022-04-12 22:23:11
477,rb2210,SHFE,0_0_      718281,空,开,4978.0,1,2022-04-12 22:23:11
478,rb2210,SHFE,0_0_      718281,空,开,4978.0,1,2022-04-12 22:23:11
479,rb2210,SHFE,0_0_      718281,空,开,4978.0,1,2022-04-12 22:23:11
480,rb2210,SHFE,0_0_      718766,多,平今,4977.0,1,2022-04-12 22:23:15
481,rb2210,SHFE,0_0_      718766,多,平今,4977.0,2,2022-04-12 22:23:15
482,rb2210,SHFE,0_0_      718766,多,平今,4977.0,1,2022-04-12 22:23:15
483,rb2210,SHFE,0_0_      718361,空,平今,4978.0,4,2022-04-12 22:23:16
484,rb2210,SHFE,0_0_      719005,多,开,4977.0,4,2022-04-12 22:23:18
485,rb2210,SHFE,0_0_      719075,多,开,4977.0,3,2022-04-12 22:23:18
486,rb2210,SHFE,0_0_      719661,空,平今,4977.0,1,2022-04-12 22:23:22
487,rb2210,SHFE,0_0_      719221,空,平今,4978.0,4,2022-04-12 22:23:23
488,rb2210,SHFE,0_0_      719432,空,平今,4978.0,1,2022-04-12 22:23:23
489,rb2210,SHFE,0_0_      719717,多,开,4977.0,2,2022-04-12 22:23:23
490,rb2210,SHFE,0_0_      719754,空,平今,4978.0,2,2022-04-12 22:23:26
491,rb2210,SHFE,0_0_      719971,多,开,4977.0,4,2022-04-12 22:23:28
492,rb2210,SHFE,0_0_      720358,空,平今,4977.0,1,2022-04-12 22:23:31
493,rb2210,SHFE,0_0_      720129,空,平今,4978.0,3,2022-04-12 22:23:34
494,rb2210,SHFE,0_0_      720129,空,平今,4978.0,1,2022-04-12 22:23:34
495,rb2210,SHFE,0_0_      720733,多,开,4977.0,2,2022-04-12 22:23:35
496,rb2210,SHFE,0_0_      720818,多,平今,4977.0,1,2022-04-12 22:23:35
497,rb2210,SHFE,0_0_      720916,多,开,4977.0,2,2022-04-12 22:23:36
498,rb2210,SHFE,0_0_      720962,空,开,4977.000000000001,1,2022-04-12 22:23:36
499,rb2210,SHFE,0_0_      720962,空,开,4977.000000000001,4,2022-04-12 22:23:36
500,rb2210,SHFE,0_0_      721801,多,平今,4977.0,2,2022-04-12 22:23:45
501,rb2210,SHFE,0_0_      722188,空,平今,4977.0,4,2022-04-12 22:23:48
502,rb2210,SHFE,0_0_      719676,多,平今,4976.0,1,2022-04-12 22:23:48
503,rb2210,SHFE,0_0_      722402,空,开,4977.0,1,2022-04-12 22:23:48
504,rb2210,SHFE,0_0_      722466,多,平今,4977.0,1,2022-04-12 22:23:51
505,rb2210,SHFE,0_0_      724347,多,平今,4978.0,2,2022-04-12 22:24:09
506,rb2210,SHFE,0_0_      725515,空,开,4978.0,3,2022-04-12 22:24:21
507,rb2210,SHFE,0_0_      727098,空,开,4978.0,1,2022-04-12 22:24:36
508,rb2210,SHFE,0_0_      727098,空,开,4978.0,2,2022-04-12 22:24:36
509,rb2210,SHFE,0_0_      722415,多,开,4976.0,4,2022-04-12 22:24:43
510,rb2210,SHFE,0_0_      722415,多,开,4976.0,1,2022-04-12 22:24:43
511,rb2210,SHFE,0_0_      727920,空,平今,4977.0,5,2022-04-12 22:24:47
512,rb2210,SHFE,0_0_      728574,多,平今,4977.0,1,2022-04-12 22:24:50
513,rb2210,SHFE,0_0_      728574,多,平今,4977.0,1,2022-04-12 22:24:50
514,rb2210,SHFE,0_0_      728574,多,平今,4977.0,2,2022-04-12 22:24:50
515,rb2210,SHFE,0_0_      728667,空,开,4978.0,2,2022-04-12 22:24:55
516,rb2210,SHFE,0_0_      729974,多,平今,4980.0,5,2022-04-12 22:25:05
517,rb2210,SHFE,0_0_      730209,多,开,4980.0,1,2022-04-12 22:25:09
518,rb2210,SHFE,0_0_      736979,多,开,4983.0,7,2022-04-12 22:26:10
519,rb2210,SHFE,0_0_      737260,空,平今,4982.0,4,2022-04-12 22:26:17
520,rb2210,SHFE,0_0_      737544,多,开,4981.0,4,2022-04-12 22:26:22
521,rb2210,SHFE,0_0_      738626,空,平今,4980.0,3,2022-04-12 22:26:30
522,rb2210,SHFE,0_0_      739570,空,开,4979.0,7,2022-04-12 22:26:43
523,rb2210,SHFE,0_0_      751896,空,平今,4978.0,1,2022-04-12 22:28:57
524,rb2210,SHFE,0_0_      751896,空,平今,4978.0,1,2022-04-12 22:28:58
525,rb2210,SHFE,0_0_      751896,空,平今,4978.0,1,2022-04-12 22:28:58
526,rb2210,SHFE,0_0_      764188,多,平今,4982.0,3,2022-04-12 22:30:21
527,rb2210,SHFE,0_0_      765465,多,平今,4983.0,1,2022-04-12 22:30:31
528,rb2210,SHFE,0_0_      769649,多,开,4986.0,4,2022-04-12 22:31:07
529,rb2210,SHFE,0_0_      770387,多,平今,4988.0,1,2022-04-12 22:31:10
530,rb2210,SHFE,0_0_      774552,空,平今,4988.0,1,2022-04-12 22:31:35
531,rb2210,SHFE,0_0_      774552,空,平今,4988.0,1,2022-04-12 22:31:36
532,rb2210,SHFE,0_0_      774552,空,平今,4988.0,1,2022-04-12 22:31:36
533,rb2210,SHFE,0_0_      774552,空,平今,4988.0,1,2022-04-12 22:31:36
534,rb2210,SHFE,0_0_      775033,空,开,4987.0,4,2022-04-12 22:31:39
535,rb2210,SHFE,0_0_      796301,多,平今,4987.0,1,2022-04-12 22:35:00
536,rb2210,SHFE,0_0_      796301,多,平今,4987.0,1,2022-04-12 22:35:00
537,rb2210,SHFE,0_0_      796448,空,平今,4987.0,1,2022-04-12 22:35:01
538,rb2210,SHFE,0_0_      803944,空,开,4991.0,4,2022-04-12 22:36:05
539,rb2210,SHFE,0_0_      815637,多,平今,4991.0,4,2022-04-12 22:38:01
540,rb2210,SHFE,0_0_      815988,空,开,4992.0,4,2022-04-12 22:38:42
541,rb2210,SHFE,0_0_      821739,多,平今,4993.0,1,2022-04-12 22:38:47
542,rb2210,SHFE,0_0_      822338,多,平今,4993.0,1,2022-04-12 22:38:51
543,rb2210,SHFE,0_0_      822338,多,平今,4993.0,1,2022-04-12 22:38:51
544,rb2210,SHFE,0_0_      822572,空,开,4994.0,3,2022-04-12 22:38:54
545,rb2210,SHFE,0_0_      823721,多,平今,4994.0,1,2022-04-12 22:38:58
546,rb2210,SHFE,0_0_      823721,多,平今,4994.0,1,2022-04-12 22:38:58
547,rb2210,SHFE,0_0_      823188,多,平今,4993.0,1,2022-04-12 22:38:58
548,rb2210,SHFE,0_0_      823188,多,平今,4993.0,1,2022-04-12 22:38:58
549,rb2210,SHFE,0_0_      823738,空,开,4994.0,2,2022-04-12 22:38:58
550,rb2210,SHFE,0_0_      823842,多,平今,4993.0,2,2022-04-12 22:39:02
551,rb2210,SHFE,0_0_      823843,多,平今,4993.0,2,2022-04-12 22:39:02
552,rb2210,SHFE,0_0_      824364,多,平今,4993.0,1,2022-04-12 22:39:03
553,rb2210,SHFE,0_0_      824338,空,开,4994.0,4,2022-04-12 22:39:04
554,rb2210,SHFE,0_0_      824510,空,平今,4994.0,1,2022-04-12 22:39:06
555,rb2210,SHFE,0_0_      824738,多,平今,4993.0,4,2022-04-12 22:39:10
556,rb2210,SHFE,0_0_      824803,多,开,4993.0,1,2022-04-12 22:39:11
557,rb2210,SHFE,0_0_      824803,多,开,4993.0,1,2022-04-12 22:39:12
558,rb2210,SHFE,0_0_      824803,多,开,4993.0,1,2022-04-12 22:39:12
559,rb2210,SHFE,0_0_      825307,空,开,4994.0,2,2022-04-12 22:40:17
560,rb2210,SHFE,0_0_      825448,空,平今,4994.0,1,2022-04-12 22:40:17
561,rb2210,SHFE,0_0_      832170,多,平今,4994.0,1,2022-04-12 22:40:18
562,rb2210,SHFE,0_0_      832170,多,平今,4994.0,2,2022-04-12 22:40:18
563,rb2210,SHFE,0_0_      832249,多,开,4994.0,1,2022-04-12 22:40:21
564,rb2210,SHFE,0_0_      832249,多,开,4994.0,2,2022-04-12 22:40:21
565,rb2210,SHFE,0_0_      833019,多,开,4993.0,2,2022-04-12 22:40:33
566,rb2210,SHFE,0_0_      836810,空,平今,4995.0,2,2022-04-12 22:41:00
567,rb2210,SHFE,0_0_      845424,空,开,4991.0,8,2022-04-12 22:42:03
568,rb2210,SHFE,0_0_      846355,多,平今,4991.0,1,2022-04-12 22:42:10
569,rb2210,SHFE,0_0_      846773,多,平今,4991.0,1,2022-04-12 22:42:14
570,rb2210,SHFE,0_0_      846939,空,平今,4992.0,1,2022-04-12 22:42:19
571,rb2210,SHFE,0_0_      848158,多,平今,4992.0,3,2022-04-12 22:42:28
572,rb2210,SHFE,0_0_      852792,空,开,4992.0,4,2022-04-12 22:43:10
573,rb2210,SHFE,0_0_      853015,多,平今,4991.0,2,2022-04-12 22:43:10
574,rb2210,SHFE,0_0_      853015,多,平今,4991.0,2,2022-04-12 22:43:10
575,rb2210,SHFE,0_0_      853018,空,开,4992.0,4,2022-04-12 22:43:13
576,rb2210,SHFE,0_0_      854193,多,平今,4991.0,1,2022-04-12 22:43:26
577,rb2210,SHFE,0_0_      854193,多,平今,4991.0,1,2022-04-12 22:43:28
578,rb2210,SHFE,0_0_      854755,空,平今,4992.0,1,2022-04-12 22:43:40
579,rb2210,SHFE,0_0_      867112,多,平今,4990.0,2,2022-04-12 22:45:02
580,rb2210,SHFE,0_0_      868824,多,平今,4991.0,1,2022-04-12 22:45:13
581,rb2210,SHFE,0_0_      868824,多,平今,4991.0,1,2022-04-12 22:45:13
582,rb2210,SHFE,0_0_      868824,多,平今,4991.0,1,2022-04-12 22:45:13
583,rb2210,SHFE,0_0_      838288,空,平今,4995.0,3,2022-04-12 22:45:50
584,rb2210,SHFE,0_0_      873106,多,开,4994.0,3,2022-04-12 22:45:52
585,rb2210,SHFE,0_0_      873385,多,开,4994.0,1,2022-04-12 22:45:59
586,rb2210,SHFE,0_0_      873385,多,开,4994.0,3,2022-04-12 22:45:59
587,rb2210,SHFE,0_0_      879984,空,平今,5007.0,1,2022-04-12 22:46:54
588,rb2210,SHFE,0_0_      882327,空,开,5010.0,1,2022-04-12 22:47:11
589,rb2210,SHFE,0_0_      882327,空,开,5010.0,1,2022-04-12 22:47:11
590,rb2210,SHFE,0_0_      882327,空,开,5010.0,1,2022-04-12 22:47:11
591,rb2210,SHFE,0_0_      882327,空,开,5010.0,1,2022-04-12 22:47:11
592,rb2210,SHFE,0_0_      882327,空,开,5010.0,3,2022-04-12 22:47:11
593,rb2210,SHFE,0_0_      882327,空,开,5010.0,1,2022-04-12 22:47:11
594,rb2210,SHFE,0_0_      882466,多,平今,5009.000000000001,1,2022-04-12 22:47:17
595,rb2210,SHFE,0_0_      883201,多,平今,5010.0,4,2022-04-12 22:47:17
596,rb2210,SHFE,0_0_      883285,空,平今,5010.0,4,2022-04-12 22:47:19
597,rb2210,SHFE,0_0_      883333,多,开,5009.000000000001,6,2022-04-12 22:47:23
598,rb2210,SHFE,0_0_      883646,空,平今,5010.0,2,2022-04-12 22:47:24
599,rb2210,SHFE,0_0_      883646,空,平今,5010.0,1,2022-04-12 22:47:24
600,rb2210,SHFE,0_0_      883646,空,平今,5010.0,1,2022-04-12 22:47:24
601,rb2210,SHFE,0_0_      883646,空,平今,5010.0,1,2022-04-12 22:47:24
602,rb2210,SHFE,0_0_      883646,空,平今,5010.0,1,2022-04-12 22:47:24
603,rb2210,SHFE,0_0_      883735,多,开,5009.0,4,2022-04-12 22:47:25
604,rb2210,SHFE,0_0_      883762,空,平今,5010.0,1,2022-04-12 22:47:26
605,rb2210,SHFE,0_0_      883762,空,平今,5010.0,1,2022-04-12 22:47:26
606,rb2210,SHFE,0_0_      883762,空,平今,5010.0,1,2022-04-12 22:47:26
607,rb2210,SHFE,0_0_      887063,空,开,5008.0,5,2022-04-12 22:47:52
608,rb2210,SHFE,0_0_      888116,空,平今,5007.0,1,2022-04-12 22:48:00
609,rb2210,SHFE,0_0_      888513,多,平今,5007.0,4,2022-04-12 22:48:38
610,rb2210,SHFE,0_0_      893354,空,开,5008.0,4,2022-04-12 22:48:51
611,rb2210,SHFE,0_0_      894717,多,平今,5007.0,1,2022-04-12 22:48:52
612,rb2210,SHFE,0_0_      894717,多,平今,5007.0,1,2022-04-12 22:48:52
613,rb2210,SHFE,0_0_      894717,多,平今,5007.0,2,2022-04-12 22:48:52
614,rb2210,SHFE,0_0_      894869,多,平今,5007.0,2,2022-04-12 22:48:57
615,rb2210,SHFE,0_0_      894801,空,开,5008.0,1,2022-04-12 22:48:57
616,rb2210,SHFE,0_0_      894801,空,开,5008.0,1,2022-04-12 22:48:57
617,rb2210,SHFE,0_0_      894801,空,开,5008.0,2,2022-04-12 22:48:58
618,rb2210,SHFE,0_0_      898159,多,开,5009.0,3,2022-04-12 22:49:19
619,rb2210,SHFE,0_0_      898513,多,开,5009.0,2,2022-04-12 22:49:25
620,rb2210,SHFE,0_0_      898513,多,开,5009.0,1,2022-04-12 22:49:25
621,rb2210,SHFE,0_0_      901907,空,平今,5012.0,4,2022-04-12 22:49:44
622,rb2210,SHFE,0_0_      899882,多,平今,5009.0,1,2022-04-12 22:49:58
623,rb2210,SHFE,0_0_      903576,空,开,5010.0,1,2022-04-12 22:49:58
624,rb2210,SHFE,0_0_      903576,空,开,5010.0,1,2022-04-12 22:49:58
625,rb2210,SHFE,0_0_      903447,空,平今,5012.0,2,2022-04-12 22:50:07
626,rb2210,SHFE,0_0_      904936,多,开,5011.0,1,2022-04-12 22:50:09
627,rb2210,SHFE,0_0_      904936,多,开,5011.0,1,2022-04-12 22:50:10
628,rb2210,SHFE,0_0_      905357,空,平今,5012.0,1,2022-04-12 22:50:11
629,rb2210,SHFE,0_0_      901124,空,平今,5014.0,1,2022-04-12 22:50:28
630,rb2210,SHFE,0_0_      903607,多,平今,5009.0,2,2022-04-12 22:51:20
631,rb2210,SHFE,0_0_      916777,多,开,5009.0,4,2022-04-12 22:51:37
632,rb2210,SHFE,0_0_      917602,空,平今,5010.0,2,2022-04-12 22:51:56
633,rb2210,SHFE,0_0_      917602,空,平今,5010.0,1,2022-04-12 22:51:57
634,rb2210,SHFE,0_0_      917602,空,平今,5010.0,1,2022-04-12 22:51:58
635,rb2210,SHFE,0_0_      921164,多,平今,5009.0,1,2022-04-12 22:52:01
636,rb2210,SHFE,0_0_      921705,多,开,5009.0,1,2022-04-12 22:52:06
637,rb2210,SHFE,0_0_      921705,多,开,5009.0,2,2022-04-12 22:52:06
638,rb2210,SHFE,0_0_      922713,空,平今,5010.0,2,2022-04-12 22:52:13
639,rb2210,SHFE,0_0_      895542,多,平今,5007.0,1,2022-04-12 22:52:25
640,rb2210,SHFE,0_0_      895542,多,平今,5007.0,1,2022-04-12 22:52:25
641,rb2210,SHFE,0_0_      924715,空,开,5008.0,1,2022-04-12 22:52:52
642,rb2210,SHFE,0_0_      924715,空,开,5008.0,1,2022-04-12 22:52:52
643,rb2210,SHFE,0_0_      928676,多,平今,5007.0,1,2022-04-12 22:52:56
644,rb2210,SHFE,0_0_      928951,空,平今,5007.0,1,2022-04-12 22:53:49
645,rb2210,SHFE,0_0_      934202,多,平今,5006.0,1,2022-04-12 22:53:54
646,rb2210,SHFE,0_0_      934888,多,平今,5006.0,1,2022-04-12 22:53:57
647,rb2210,SHFE,0_0_      934905,多,开,5006.0,1,2022-04-12 22:53:59
648,rb2210,SHFE,0_0_      934905,多,开,5006.0,1,2022-04-12 22:53:59
649,rb2210,SHFE,0_0_      934905,多,开,5006.0,2,2022-04-12 22:54:00
650,rb2210,SHFE,0_0_      935360,空,平今,5007.0,2,2022-04-12 22:54:01
651,rb2210,SHFE,0_0_      924795,空,开,5008.0,2,2022-04-12 22:54:02
652,rb2210,SHFE,0_0_      935771,多,平今,5007.0,2,2022-04-12 22:54:04
653,rb2210,SHFE,0_0_      935771,多,平今,5007.0,1,2022-04-12 22:54:04
654,rb2210,SHFE,0_0_      939283,多,开,5005.0,1,2022-04-12 22:54:25
655,rb2210,SHFE,0_0_      939283,多,开,5005.0,3,2022-04-12 22:54:25
656,rb2210,SHFE,0_0_      939426,空,平今,5006.0,1,2022-04-12 22:54:35
657,rb2210,SHFE,0_0_      945206,空,平今,5007.0,2,2022-04-12 22:55:03
658,rb2210,SHFE,0_0_      936101,空,开,5008.0,3,2022-04-12 22:55:05
659,rb2210,SHFE,0_0_      945579,多,平今,5007.0,3,2022-04-12 22:55:05
660,rb2210,SHFE,0_0_      954198,多,开,5007.0,3,2022-04-12 22:56:12
661,rb2210,SHFE,0_0_      954201,空,平今,5008.0,3,2022-04-12 22:56:44
662,rb2210,SHFE,0_0_      923626,空,平今,5010.0,2,2022-04-12 22:56:52
663,rb2210,SHFE,0_0_      959822,空,平今,5010.0,2,2022-04-12 22:56:59
664,rb2210,SHFE,0_0_      962310,空,开,5014.0,2,2022-04-12 22:57:17
665,rb2210,SHFE,0_0_      962719,多,平今,5014.0,2,2022-04-12 22:57:18
666,rb2210,SHFE,0_0_      963080,空,开,5014.0,4,2022-04-12 22:57:21
667,rb2210,SHFE,0_0_      964493,多,平今,5015.0,1,2022-04-12 22:57:30
668,rb2210,SHFE,0_0_      964493,多,平今,5015.0,1,2022-04-12 22:57:30
669,rb2210,SHFE,0_0_      964493,多,平今,5015.0,1,2022-04-12 22:57:30
670,rb2210,SHFE,0_0_      964493,多,平今,5015.0,1,2022-04-12 22:57:30
671,rb2210,SHFE,0_0_      964796,多,开,5016.0,2,2022-04-12 22:57:31
672,rb2210,SHFE,0_0_      964834,空,开,5016.0,4,2022-04-12 22:57:32
673,rb2210,SHFE,0_0_      964965,空,开,5016.0,2,2022-04-12 22:57:34
674,rb2210,SHFE,0_0_      964965,空,开,5016.0,1,2022-04-12 22:57:34
675,rb2210,SHFE,0_0_      964965,空,开,5016.0,1,2022-04-12 22:57:34
676,rb2210,SHFE,0_0_      965278,多,平今,5016.0,1,2022-04-12 22:57:39
677,rb2210,SHFE,0_0_      965278,多,平今,5016.0,1,2022-04-12 22:57:39
678,rb2210,SHFE,0_0_      965278,多,平今,5016.0,1,2022-04-12 22:57:39
679,rb2210,SHFE,0_0_      965278,多,平今,5016.0,1,2022-04-12 22:57:39
680,rb2210,SHFE,0_0_      966570,空,平今,5017.0,1,2022-04-12 22:57:50
681,rb2210,SHFE,0_0_      967546,多,开,5017.0,1,2022-04-12 22:57:57
682,rb2210,SHFE,0_0_      968375,空,开,5017.0,4,2022-04-12 22:58:00
683,rb2210,SHFE,0_0_      968503,多,平今,5017.0,2,2022-04-12 22:58:00
684,rb2210,SHFE,0_0_      967120,多,开,5016.0,2,2022-04-12 22:58:04
685,rb2210,SHFE,0_0_      969250,空,平今,5017.0,4,2022-04-12 22:58:05
686,rb2210,SHFE,0_0_      969583,多,开,5017.0,5,2022-04-12 22:58:06
687,rb2210,SHFE,0_0_      970514,多,平今,5018.0,2,2022-04-12 22:58:32
688,rb2210,SHFE,0_0_      971013,多,开,5018.0,2,2022-04-12 22:58:34
689,rb2210,SHFE,0_0_      973048,空,平今,5019.0,2,2022-04-12 22:58:35
690,rb2210,SHFE,0_0_      973181,多,开,5018.0,1,2022-04-12 22:58:36
691,rb2210,SHFE,0_0_      973181,多,开,5018.0,1,2022-04-12 22:58:36
692,rb2210,SHFE,0_0_      973265,空,平今,5019.0,1,2022-04-12 22:58:37
693,rb2210,SHFE,0_0_      973265,空,平今,5019.0,1,2022-04-12 22:58:37
694,rb2210,SHFE,0_0_      974329,空,平今,5018.0,2,2022-04-12 22:58:47
695,rb2210,SHFE,0_0_     1280402,多,平今,4965.0,4,2022-04-13 09:00:15
696,rb2210,SHFE,0_0_     1280616,空,开,4964.0,8,2022-04-13 09:00:19
697,rb2210,SHFE,0_0_     1280686,空,平今,4965.0,4,2022-04-13 09:00:20
698,rb2210,SHFE,0_0_     1280928,多,平今,4964.0,8,2022-04-13 09:00:25
699,rb2210,SHFE,0_0_     1281065,多,开,4965.0,8,2022-04-13 09:00:27
700,rb2210,SHFE,0_0_     1281180,空,平今,4965.0,3,2022-04-13 09:00:29
701,rb2210,SHFE,0_0_     1281180,空,平今,4965.0,1,2022-04-13 09:00:29
702,rb2210,SHFE,0_0_     1281180,空,平今,4965.0,1,2022-04-13 09:00:29
703,rb2210,SHFE,0_0_     1281180,空,平今,4965.0,1,2022-04-13 09:00:29
704,rb2210,SHFE,0_0_     1281606,多,开,4972.0,1,2022-04-13 09:00:38
705,rb2210,SHFE,0_0_     1281606,多,开,4972.0,1,2022-04-13 09:00:38
706,rb2210,SHFE,0_0_     1281606,多,开,4972.0,1,2022-04-13 09:00:38
707,rb2210,SHFE,0_0_     1281729,多,开,4973.0,2,2022-04-13 09:00:40
708,rb2210,SHFE,0_0_     1281729,多,开,4973.0,1,2022-04-13 09:00:41
709,rb2210,SHFE,0_0_     1282167,空,平今,4973.0,4,2022-04-13 09:00:50
710,rb2210,SHFE,0_0_     1282187,多,开,4972.0,1,2022-04-13 09:00:51
711,rb2210,SHFE,0_0_     1282187,多,开,4972.0,3,2022-04-13 09:00:51
712,rb2210,SHFE,0_0_     1282204,空,平今,4973.0,4,2022-04-13 09:00:51
713,rb2210,SHFE,0_0_     1282211,多,开,4972.0,4,2022-04-13 09:00:51
714,rb2210,SHFE,0_0_     1282212,空,平今,4973.0,1,2022-04-13 09:00:51
715,rb2210,SHFE,0_0_     1282212,空,平今,4973.0,3,2022-04-13 09:00:51
716,rb2210,SHFE,0_0_     1282236,多,开,4972.0,2,2022-04-13 09:00:52
717,rb2210,SHFE,0_0_     1282236,多,开,4972.0,2,2022-04-13 09:00:52
718,rb2210,SHFE,0_0_     1282259,空,平今,4973.0,4,2022-04-13 09:00:57
719,rb2210,SHFE,0_0_     1282533,多,开,4972.0,4,2022-04-13 09:01:00
720,rb2210,SHFE,0_0_     1282675,空,平今,4973.0,4,2022-04-13 09:01:00
721,rb2210,SHFE,0_0_     1282713,空,开,4973.0,1,2022-04-13 09:01:01
722,rb2210,SHFE,0_0_     1282713,空,开,4973.0,1,2022-04-13 09:01:01
723,rb2210,SHFE,0_0_     1282713,空,开,4973.0,1,2022-04-13 09:01:01
724,rb2210,SHFE,0_0_     1282713,空,开,4973.0,2,2022-04-13 09:01:01
725,rb2210,SHFE,0_0_     1282713,空,开,4973.0,1,2022-04-13 09:01:01
726,rb2210,SHFE,0_0_     1282713,空,开,4973.0,1,2022-04-13 09:01:01
727,rb2210,SHFE,0_0_     1282713,空,开,4973.0,1,2022-04-13 09:01:01
728,rb2210,SHFE,0_0_     1283030,空,平今,4966.0,1,2022-04-13 09:01:07
729,rb2210,SHFE,0_0_     1283030,空,平今,4966.0,2,2022-04-13 09:01:07
730,rb2210,SHFE,0_0_     1283263,多,平今,4965.0,7,2022-04-13 09:01:10
731,rb2210,SHFE,0_0_     1283319,空,开,4966.0,2,2022-04-13 09:01:11
732,rb2210,SHFE,0_0_     1283319,空,开,4966.0,1,2022-04-13 09:01:11
733,rb2210,SHFE,0_0_     1283319,空,开,4966.0,1,2022-04-13 09:01:11
734,rb2210,SHFE,0_0_     1283617,多,开,4970.0,7,2022-04-13 09:01:17
735,rb2210,SHFE,0_0_     1285392,多,平今,4981.0,5,2022-04-13 09:02:00
736,rb2210,SHFE,0_0_     1285777,空,平今,4983.0,1,2022-04-13 09:02:08
737,rb2210,SHFE,0_0_     1287084,空,开,4978.0,1,2022-04-13 09:02:31
738,rb2210,SHFE,0_0_     1287084,空,开,4978.0,1,2022-04-13 09:02:31
739,rb2210,SHFE,0_0_     1287084,空,开,4978.0,1,2022-04-13 09:02:31
740,rb2210,SHFE,0_0_     1287084,空,开,4978.0,5,2022-04-13 09:02:31
741,rb2210,SHFE,0_0_     1287129,多,平今,4977.0,4,2022-04-13 09:02:32
742,rb2210,SHFE,0_0_     1287495,空,平今,4979.0,1,2022-04-13 09:02:40
743,rb2210,SHFE,0_0_     1287628,空,平今,4980.0,1,2022-04-13 09:02:43
744,rb2210,SHFE,0_0_     1287795,空,平今,4982.0,4,2022-04-13 09:02:48
745,rb2210,SHFE,0_0_     1287832,多,平今,4981.0,4,2022-04-13 09:02:50
746,rb2210,SHFE,0_0_     1287908,空,开,4982.0,1,2022-04-13 09:02:50
747,rb2210,SHFE,0_0_     1287908,空,开,4982.0,1,2022-04-13 09:02:50
748,rb2210,SHFE,0_0_     1287908,空,开,4982.0,2,2022-04-13 09:02:50
749,rb2210,SHFE,0_0_     1289392,多,开,4989.0,2,2022-04-13 09:03:11
750,rb2210,SHFE,0_0_     1290484,多,开,4993.0,5,2022-04-13 09:03:24
751,rb2210,SHFE,0_0_     1290605,空,平今,4994.0,4,2022-04-13 09:03:25
752,rb2210,SHFE,0_0_     1291053,空,平今,4990.0,1,2022-04-13 09:03:35
753,rb2210,SHFE,0_0_     1291053,空,平今,4990.0,1,2022-04-13 09:03:35
754,rb2210,SHFE,0_0_     1291053,空,平今,4990.0,1,2022-04-13 09:03:35
755,rb2210,SHFE,0_0_     1291749,多,开,4989.0,7,2022-04-13 09:03:43
756,rb2210,SHFE,0_0_     1293601,空,平今,4984.0,2,2022-04-13 09:04:09
757,rb2210,SHFE,0_0_     1293621,空,平今,4984.0,3,2022-04-13 09:04:11
758,rb2210,SHFE,0_0_     1294013,空,开,4984.000000000001,4,2022-04-13 09:04:14
759,rb2210,SHFE,0_0_     1294052,多,平今,4983.0,8,2022-04-13 09:04:15
760,rb2210,SHFE,0_0_     1294104,空,开,4984.0,1,2022-04-13 09:04:16
761,rb2210,SHFE,0_0_     1294879,多,开,4982.0,4,2022-04-13 09:04:30
762,rb2210,SHFE,0_0_     1295412,空,平今,4981.0,2,2022-04-13 09:04:41
763,rb2210,SHFE,0_0_     1296005,空,开,4979.0,4,2022-04-13 09:04:46
764,rb2210,SHFE,0_0_     1296048,多,平今,4978.0,1,2022-04-13 09:04:47
765,rb2210,SHFE,0_0_     1296183,空,平今,4976.0,1,2022-04-13 09:04:49
766,rb2210,SHFE,0_0_     1296233,多,平今,4975.0,3,2022-04-13 09:04:50
767,rb2210,SHFE,0_0_     1296424,多,开,4973.0,4,2022-04-13 09:04:54
768,rb2210,SHFE,0_0_     1296507,空,开,4974.0,7,2022-04-13 09:04:54
769,rb2210,SHFE,0_0_     1296510,多,平今,4973.0,7,2022-04-13 09:04:54
770,rb2210,SHFE,0_0_     1296730,空,平今,4974.0,4,2022-04-13 09:04:57
771,rb2210,SHFE,0_0_     1297208,空,开,4974.0,4,2022-04-13 09:05:00
772,rb2210,SHFE,0_0_     1297223,多,平今,4973.0,4,2022-04-13 09:05:00
773,rb2210,SHFE,0_0_     1297239,空,开,4974.0,4,2022-04-13 09:05:01
774,rb2210,SHFE,0_0_     1297311,多,平今,4973.0,4,2022-04-13 09:05:02
775,rb2210,SHFE,0_0_     1297326,空,平今,4974.0,4,2022-04-13 09:05:02
776,rb2210,SHFE,0_0_     1297336,多,开,4973.0,4,2022-04-13 09:05:03
777,rb2210,SHFE,0_0_     1297447,空,平今,4974.0,1,2022-04-13 09:05:03
778,rb2210,SHFE,0_0_     1297447,空,平今,4974.0,3,2022-04-13 09:05:03
779,rb2210,SHFE,0_0_     1297835,多,开,4975.0,4,2022-04-13 09:05:07
780,rb2210,SHFE,0_0_     1297474,多,开,4973.0,3,2022-04-13 09:05:09
781,rb2210,SHFE,0_0_     1298185,空,平今,4974.0,2,2022-04-13 09:05:09
782,rb2210,SHFE,0_0_     1298185,空,平今,4974.0,1,2022-04-13 09:05:09
783,rb2210,SHFE,0_0_     1298254,多,开,4973.0,1,2022-04-13 09:05:09
784,rb2210,SHFE,0_0_     1298254,多,开,4973.0,2,2022-04-13 09:05:09
785,rb2210,SHFE,0_0_     1298305,空,平今,4974.0,3,2022-04-13 09:05:11
786,rb2210,SHFE,0_0_     1298358,空,平今,4974.0,4,2022-04-13 09:05:11
787,rb2210,SHFE,0_0_     1298433,多,开,4973.0,4,2022-04-13 09:05:11
788,rb2210,SHFE,0_0_     1298453,空,平今,4974.0,4,2022-04-13 09:05:11
789,rb2210,SHFE,0_0_     1298456,多,开,4973.0,5,2022-04-13 09:05:11
790,rb2210,SHFE,0_0_     1298456,多,开,4973.0,1,2022-04-13 09:05:11
791,rb2210,SHFE,0_0_     1298456,多,开,4973.0,1,2022-04-13 09:05:11
792,rb2210,SHFE,0_0_     1298456,多,开,4973.0,1,2022-04-13 09:05:11
793,rb2210,SHFE,0_0_     1298465,空,开,4973.0,1,2022-04-13 09:05:13
794,rb2210,SHFE,0_0_     1298464,空,平今,4974.0,2,2022-04-13 09:05:13
795,rb2210,SHFE,0_0_     1298464,空,平今,4974.0,5,2022-04-13 09:05:13
796,rb2210,SHFE,0_0_     1298464,空,平今,4974.0,1,2022-04-13 09:05:14
797,rb2210,SHFE,0_0_     1298743,多,开,4973.0,4,2022-04-13 09:05:15
798,rb2210,SHFE,0_0_     1298785,空,平今,4974.0,4,2022-04-13 09:05:15
799,rb2210,SHFE,0_0_     1298868,多,开,4974.0,3,2022-04-13 09:05:16
800,rb2210,SHFE,0_0_     1299279,多,开,4973.0,1,2022-04-13 09:05:20
801,rb2210,SHFE,0_0_     1298565,多,平今,4972.0,2,2022-04-13 09:05:21
802,rb2210,SHFE,0_0_     1299405,空,平今,4973.0,2,2022-04-13 09:05:21
803,rb2210,SHFE,0_0_     1299327,空,平今,4974.0,1,2022-04-13 09:05:30
804,rb2210,SHFE,0_0_     1300153,多,开,4973.0,1,2022-04-13 09:05:30
805,rb2210,SHFE,0_0_     1300169,空,开,4974.0,3,2022-04-13 09:05:34
806,rb2210,SHFE,0_0_     1300448,多,平今,4973.0,3,2022-04-13 09:05:34
807,rb2210,SHFE,0_0_     1300510,空,开,4974.0,2,2022-04-13 09:05:34
808,rb2210,SHFE,0_0_     1300557,多,开,4972.0,6,2022-04-13 09:05:35
809,rb2210,SHFE,0_0_     1300510,空,开,4974.0,1,2022-04-13 09:05:35
810,rb2210,SHFE,0_0_     1300648,空,平今,4973.0,4,2022-04-13 09:05:35
811,rb2210,SHFE,0_0_     1300842,空,开,4972.0,3,2022-04-13 09:05:36
812,rb2210,SHFE,0_0_     1300842,空,开,4972.0,1,2022-04-13 09:05:36
813,rb2210,SHFE,0_0_     1300736,空,平今,4973.0,1,2022-04-13 09:05:37
814,rb2210,SHFE,0_0_     1300736,空,平今,4973.0,3,2022-04-13 09:05:37
815,rb2210,SHFE,0_0_     1301127,空,开,4971.0,1,2022-04-13 09:05:42
816,rb2210,SHFE,0_0_     1301416,多,平今,4971.0,4,2022-04-13 09:05:42
817,rb2210,SHFE,0_0_     1301450,多,平今,4971.0,1,2022-04-13 09:05:43
818,rb2210,SHFE,0_0_     1301492,多,开,4971.0,4,2022-04-13 09:05:43
819,rb2210,SHFE,0_0_     1302042,空,开,4970.0,1,2022-04-13 09:05:52
820,rb2210,SHFE,0_0_     1302042,空,开,4970.0,1,2022-04-13 09:05:52
821,rb2210,SHFE,0_0_     1302042,空,开,4970.0,2,2022-04-13 09:05:52
822,rb2210,SHFE,0_0_     1302168,空,平今,4968.0,1,2022-04-13 09:05:53
823,rb2210,SHFE,0_0_     1302042,空,开,4970.0,1,2022-04-13 09:05:55
824,rb2210,SHFE,0_0_     1302384,多,平今,4968.0,4,2022-04-13 09:05:55
825,rb2210,SHFE,0_0_     1302666,空,开,4970.0,3,2022-04-13 09:05:57
826,rb2210,SHFE,0_0_     1302771,多,平今,4970.0,1,2022-04-13 09:05:59
827,rb2210,SHFE,0_0_     1302952,空,开,4971.0,1,2022-04-13 09:05:59
828,rb2210,SHFE,0_0_     1302976,多,平今,4970.0,1,2022-04-13 09:06:00
829,rb2210,SHFE,0_0_     1301987,空,平今,4972.0,3,2022-04-13 09:06:02
830,rb2210,SHFE,0_0_     1303329,多,平今,4971.0,1,2022-04-13 09:06:02
831,rb2210,SHFE,0_0_     1303329,多,平今,4971.0,1,2022-04-13 09:06:02
832,rb2210,SHFE,0_0_     1303329,多,平今,4971.0,1,2022-04-13 09:06:02
833,rb2210,SHFE,0_0_     1303332,空,开,4972.0,1,2022-04-13 09:06:02
834,rb2210,SHFE,0_0_     1303332,空,开,4972.0,2,2022-04-13 09:06:02
835,rb2210,SHFE,0_0_     1303345,多,平今,4971.0,3,2022-04-13 09:06:02
836,rb2210,SHFE,0_0_     1303350,空,开,4972.0,3,2022-04-13 09:06:02
837,rb2210,SHFE,0_0_     1303425,多,平今,4972.0,4,2022-04-13 09:06:10
838,rb2210,SHFE,0_0_     1304260,空,开,4973.0,4,2022-04-13 09:06:11
839,rb2210,SHFE,0_0_     1304376,空,开,4973.0,1,2022-04-13 09:06:12
840,rb2210,SHFE,0_0_     1304391,多,平今,4972.0,1,2022-04-13 09:06:21
841,rb2210,SHFE,0_0_     1305071,空,开,4973.0,1,2022-04-13 09:06:21
842,rb2210,SHFE,0_0_     1305085,多,平今,4972.0,1,2022-04-13 09:06:24
843,rb2210,SHFE,0_0_     1305408,空,开,4973.0,1,2022-04-13 09:06:24
844,rb2210,SHFE,0_0_     1305512,多,平今,4973.0,3,2022-04-13 09:06:28
845,rb2210,SHFE,0_0_     1305495,多,平今,4972.0,1,2022-04-13 09:06:29
846,rb2210,SHFE,0_0_     1305608,空,开,4973.0,1,2022-04-13 09:06:31
847,rb2210,SHFE,0_0_     1305679,空,开,4973.0,1,2022-04-13 09:06:32
848,rb2210,SHFE,0_0_     1306051,多,开,4973.0,4,2022-04-13 09:06:34
849,rb2210,SHFE,0_0_     1306173,多,开,4973.0,2,2022-04-13 09:06:35
850,rb2210,SHFE,0_0_     1306173,多,开,4973.0,2,2022-04-13 09:06:35
851,rb2210,SHFE,0_0_     1308060,多,平今,4975.0,1,2022-04-13 09:06:58
852,rb2210,SHFE,0_0_     1308932,空,平今,4976.0,1,2022-04-13 09:06:58
853,rb2210,SHFE,0_0_     1308939,多,平今,4975.0,1,2022-04-13 09:06:58
854,rb2210,SHFE,0_0_     1305971,多,平今,4972.0,3,2022-04-13 09:07:14
855,rb2210,SHFE,0_0_     1312299,空,开,4970.0,1,2022-04-13 09:07:25
856,rb2210,SHFE,0_0_     1312299,空,开,4970.0,3,2022-04-13 09:07:25
857,rb2210,SHFE,0_0_     1314937,空,开,4968.0,2,2022-04-13 09:07:42
858,rb2210,SHFE,0_0_     1315700,多,平今,4967.0,2,2022-04-13 09:07:43
859,rb2210,SHFE,0_0_     1315724,空,开,4968.0,2,2022-04-13 09:07:46
860,rb2210,SHFE,0_0_     1316490,多,平今,4967.0,2,2022-04-13 09:07:47
861,rb2210,SHFE,0_0_     1319414,多,平今,4963.0,1,2022-04-13 09:08:04
862,rb2210,SHFE,0_0_     1319918,空,平今,4964.0,3,2022-04-13 09:08:06
863,rb2210,SHFE,0_0_     1320628,多,开,4964.0,4,2022-04-13 09:08:09
864,rb2210,SHFE,0_0_     1320668,空,平今,4965.0,4,2022-04-13 09:08:09
865,rb2210,SHFE,0_0_     1320861,空,开,4964.0,1,2022-04-13 09:08:11
866,rb2210,SHFE,0_0_     1321322,多,平今,4963.0,1,2022-04-13 09:08:13
867,rb2210,SHFE,0_0_     1321573,多,开,4963.0,4,2022-04-13 09:08:14
868,rb2210,SHFE,0_0_     1321617,多,平今,4963.0,1,2022-04-13 09:08:15
869,rb2210,SHFE,0_0_     1321656,空,平今,4964.0,1,2022-04-13 09:08:20
870,rb2210,SHFE,0_0_     1321656,空,平今,4964.0,1,2022-04-13 09:08:20
871,rb2210,SHFE,0_0_     1321656,空,平今,4964.0,1,2022-04-13 09:08:20
872,rb2210,SHFE,0_0_     1321656,空,平今,4964.0,1,2022-04-13 09:08:20
873,rb2210,SHFE,0_0_     1322462,多,开,4963.0,3,2022-04-13 09:08:22
874,rb2210,SHFE,0_0_     1322633,空,平今,4964.0,1,2022-04-13 09:08:22
875,rb2210,SHFE,0_0_     1322633,空,平今,4964.0,1,2022-04-13 09:08:22
876,rb2210,SHFE,0_0_     1322633,空,平今,4964.0,1,2022-04-13 09:08:22
877,rb2210,SHFE,0_0_     1322663,多,开,4964.0,1,2022-04-13 09:08:22
878,rb2210,SHFE,0_0_     1322663,多,开,4964.0,1,2022-04-13 09:08:22
879,rb2210,SHFE,0_0_     1322663,多,开,4964.0,1,2022-04-13 09:08:22
880,rb2210,SHFE,0_0_     1324254,多,平今,4966.0,1,2022-04-13 09:08:31
881,rb2210,SHFE,0_0_     1324390,空,平今,4967.0,1,2022-04-13 09:08:32
882,rb2210,SHFE,0_0_     1324587,多,平今,4966.0,1,2022-04-13 09:08:32
883,rb2210,SHFE,0_0_     1324588,空,平今,4967.0,1,2022-04-13 09:08:33
884,rb2210,SHFE,0_0_     1324740,多,开,4966.0,1,2022-04-13 09:08:34
885,rb2210,SHFE,0_0_     1324851,空,平今,4967.0,1,2022-04-13 09:08:36
886,rb2210,SHFE,0_0_     1316610,空,开,4968.0,3,2022-04-13 09:08:38
887,rb2210,SHFE,0_0_     1316610,空,开,4968.0,1,2022-04-13 09:08:38
888,rb2210,SHFE,0_0_     1328942,多,平今,4966.0,4,2022-04-13 09:08:59
889,rb2210,SHFE,0_0_     1330130,空,开,4964.0,4,2022-04-13 09:09:04
890,rb2210,SHFE,0_0_     1329564,空,平今,4967.0,1,2022-04-13 09:09:28
891,rb2210,SHFE,0_0_     1334342,多,平今,4966.0,1,2022-04-13 09:09:29
892,rb2210,SHFE,0_0_     1334781,空,开,4967.0,1,2022-04-13 09:09:31
893,rb2210,SHFE,0_0_     1338177,多,平今,4966.0,3,2022-04-13 09:09:47
894,rb2210,SHFE,0_0_     1339035,空,开,4965.0,4,2022-04-13 09:09:54
895,rb2210,SHFE,0_0_     1341081,多,平今,4968.0,4,2022-04-13 09:10:08
896,rb2210,SHFE,0_0_     1341081,多,平今,4968.0,1,2022-04-13 09:10:08
897,rb2210,SHFE,0_0_     1343495,空,开,4967.0,2,2022-04-13 09:10:20
898,rb2210,SHFE,0_0_     1311039,空,平今,4972.0,1,2022-04-13 09:10:41
899,rb2210,SHFE,0_0_     1311039,空,平今,4972.0,2,2022-04-13 09:10:41
900,rb2210,SHFE,0_0_     1347653,多,平今,4971.0,1,2022-04-13 09:10:41
901,rb2210,SHFE,0_0_     1347653,多,平今,4971.0,1,2022-04-13 09:10:41
902,rb2210,SHFE,0_0_     1311039,空,平今,4972.0,1,2022-04-13 09:10:42
903,rb2210,SHFE,0_0_     1349497,多,开,4975.0,8,2022-04-13 09:10:50
904,rb2210,SHFE,0_0_     1350168,空,平今,4975.0,1,2022-04-13 09:10:54
905,rb2210,SHFE,0_0_     1350168,空,平今,4975.0,2,2022-04-13 09:10:54
906,rb2210,SHFE,0_0_     1351039,空,平今,4976.0,1,2022-04-13 09:11:04
907,rb2210,SHFE,0_0_     1352128,多,开,4975.0,1,2022-04-13 09:11:05
908,rb2210,SHFE,0_0_     1354064,空,平今,4978.0,1,2022-04-13 09:11:15
909,rb2210,SHFE,0_0_     1354064,空,平今,4978.0,1,2022-04-13 09:11:15
910,rb2210,SHFE,0_0_     1354064,空,平今,4978.0,1,2022-04-13 09:11:15
911,rb2210,SHFE,0_0_     1354064,空,平今,4978.0,1,2022-04-13 09:11:15
912,rb2210,SHFE,0_0_     1354333,多,开,4977.000000000001,4,2022-04-13 09:11:16
913,rb2210,SHFE,0_0_     1355307,空,平今,4978.0,2,2022-04-13 09:11:21
914,rb2210,SHFE,0_0_     1359944,多,开,4977.0,1,2022-04-13 09:11:50
915,rb2210,SHFE,0_0_     1360530,空,平今,4978.0,1,2022-04-13 09:11:50
916,rb2210,SHFE,0_0_     1360531,多,开,4977.0,1,2022-04-13 09:11:53
917,rb2210,SHFE,0_0_     1361360,空,平今,4979.0,2,2022-04-13 09:11:56
918,rb2210,SHFE,0_0_     1361560,空,开,4979.0,3,2022-04-13 09:11:59
919,rb2210,SHFE,0_0_     1361638,多,平今,4978.0,3,2022-04-13 09:12:00
920,rb2210,SHFE,0_0_     1377777,多,开,4969.0,4,2022-04-13 09:13:29
921,rb2210,SHFE,0_0_     1379661,空,平今,4969.0,1,2022-04-13 09:13:35
922,rb2210,SHFE,0_0_     1379661,空,平今,4969.0,3,2022-04-13 09:13:35
923,rb2210,SHFE,0_0_     1381853,多,开,4971.0,1,2022-04-13 09:13:47
924,rb2210,SHFE,0_0_     1381853,多,开,4971.0,5,2022-04-13 09:13:48
925,rb2210,SHFE,0_0_     1383914,空,平今,4968.0,2,2022-04-13 09:14:02
926,rb2210,SHFE,0_0_     1388791,多,开,4971.0,1,2022-04-13 09:14:42
927,rb2210,SHFE,0_0_     1394141,空,平今,4970.0,5,2022-04-13 09:14:56
928,rb2210,SHFE,0_0_     1399567,空,平今,4962.0,2,2022-04-13 09:15:24
929,rb2210,SHFE,0_0_     1399621,空,开,4963.0,1,2022-04-13 09:15:24
930,rb2210,SHFE,0_0_     1400541,多,开,4961.0,1,2022-04-13 09:15:29
931,rb2210,SHFE,0_0_     1400541,多,开,4961.0,1,2022-04-13 09:15:29
932,rb2210,SHFE,0_0_     1400541,多,开,4961.0,1,2022-04-13 09:15:29
933,rb2210,SHFE,0_0_     1400541,多,开,4961.0,1,2022-04-13 09:15:29
934,rb2210,SHFE,0_0_     1400949,空,平今,4962.0,3,2022-04-13 09:15:30
935,rb2210,SHFE,0_0_     1398739,空,开,4966.0,4,2022-04-13 09:15:50
936,rb2210,SHFE,0_0_     1404879,多,平今,4965.0,1,2022-04-13 09:15:51
937,rb2210,SHFE,0_0_     1404879,多,平今,4965.0,1,2022-04-13 09:15:51
938,rb2210,SHFE,0_0_     1404879,多,平今,4965.0,2,2022-04-13 09:15:52
939,rb2210,SHFE,0_0_     1394689,空,开,4969.0,3,2022-04-13 09:16:05
940,rb2210,SHFE,0_0_     1407680,多,平今,4968.0,1,2022-04-13 09:16:06
941,rb2210,SHFE,0_0_     1407680,多,平今,4968.0,2,2022-04-13 09:16:07
942,rb2210,SHFE,0_0_     1408520,多,平今,4968.0,1,2022-04-13 09:16:11
943,rb2210,SHFE,0_0_     1407910,空,开,4969.0,2,2022-04-13 09:16:12
944,rb2210,SHFE,0_0_     1408957,多,平今,4968.0,2,2022-04-13 09:16:28
945,rb2210,SHFE,0_0_     1411463,空,开,4969.0,2,2022-04-13 09:16:31
946,rb2210,SHFE,0_0_     1412302,多,平今,4969.0,2,2022-04-13 09:16:48
947,rb2210,SHFE,0_0_     1414097,空,开,4970.0,1,2022-04-13 09:16:48
948,rb2210,SHFE,0_0_     1414165,多,平今,4970.0,1,2022-04-13 09:16:49
949,rb2210,SHFE,0_0_     1414835,空,开,4969.0,4,2022-04-13 09:16:58
950,rb2210,SHFE,0_0_     1415257,空,开,4969.0,2,2022-04-13 09:17:03
951,rb2210,SHFE,0_0_     1415890,多,平今,4968.0,2,2022-04-13 09:17:04
952,rb2210,SHFE,0_0_     1417313,多,平今,4968.0,1,2022-04-13 09:17:16
953,rb2210,SHFE,0_0_     1417313,多,平今,4968.0,2,2022-04-13 09:17:16
954,rb2210,SHFE,0_0_     1417313,多,平今,4968.0,1,2022-04-13 09:17:17
955,rb2210,SHFE,0_0_     1427360,空,开,4967.0,1,2022-04-13 09:18:21
956,rb2210,SHFE,0_0_     1427360,空,开,4967.0,1,2022-04-13 09:18:21
957,rb2210,SHFE,0_0_     1427360,空,开,4967.0,1,2022-04-13 09:18:21
958,rb2210,SHFE,0_0_     1438562,空,开,4963.0,2,2022-04-13 09:19:41
959,rb2210,SHFE,0_0_     1401054,多,开,4961.0,1,2022-04-13 09:19:54
960,rb2210,SHFE,0_0_     1401054,多,开,4961.0,6,2022-04-13 09:19:54
961,rb2210,SHFE,0_0_     1440518,空,平今,4961.0,4,2022-04-13 09:19:55
962,rb2210,SHFE,0_0_     1441013,空,平今,4961.0,3,2022-04-13 09:20:00
963,rb2210,SHFE,0_0_     1441183,空,开,4961.0,3,2022-04-13 09:20:00
964,rb2210,SHFE,0_0_     1441205,多,平今,4960.0,2,2022-04-13 09:20:00
965,rb2210,SHFE,0_0_     1441205,多,平今,4960.0,1,2022-04-13 09:20:00
966,rb2210,SHFE,0_0_     1441208,空,开,4961.0,1,2022-04-13 09:20:00
967,rb2210,SHFE,0_0_     1441209,多,平今,4959.000000000001,1,2022-04-13 09:20:00
968,rb2210,SHFE,0_0_     1441210,空,开,4960.0,1,2022-04-13 09:20:00
969,rb2210,SHFE,0_0_     1441211,多,平今,4959.0,1,2022-04-13 09:20:01
970,rb2210,SHFE,0_0_     1441669,多,平今,4960.0,2,2022-04-13 09:20:09
971,rb2210,SHFE,0_0_     1442684,空,开,4961.0,1,2022-04-13 09:20:09
972,rb2210,SHFE,0_0_     1443602,多,开,4961.0,2,2022-04-13 09:20:14
973,rb2210,SHFE,0_0_     1443602,多,开,4961.0,4,2022-04-13 09:20:14
974,rb2210,SHFE,0_0_     1443602,多,开,4961.0,1,2022-04-13 09:20:14
975,rb2210,SHFE,0_0_     1443944,空,平今,4960.0,1,2022-04-13 09:20:16
976,rb2210,SHFE,0_0_     1443944,空,平今,4960.0,1,2022-04-13 09:20:16
977,rb2210,SHFE,0_0_     1443944,空,平今,4960.0,1,2022-04-13 09:20:16
978,rb2210,SHFE,0_0_     1444884,空,开,4959.0,4,2022-04-13 09:20:24
979,rb2210,SHFE,0_0_     1445072,多,平今,4958.0,1,2022-04-13 09:20:29
980,rb2210,SHFE,0_0_     1445486,空,平今,4959.0,1,2022-04-13 09:20:33
981,rb2210,SHFE,0_0_     1447638,多,开,4960.0,4,2022-04-13 09:20:51
982,rb2210,SHFE,0_0_     1443748,空,平今,4962.0,3,2022-04-13 09:20:59
983,rb2210,SHFE,0_0_     1449889,空,平今,4962.0,2,2022-04-13 09:21:04
984,rb2210,SHFE,0_0_     1450915,多,开,4963.0,5,2022-04-13 09:21:07
985,rb2210,SHFE,0_0_     1455801,空,平今,4963.0,3,2022-04-13 09:21:47
986,rb2210,SHFE,0_0_     1456066,多,平今,4962.0,1,2022-04-13 09:21:49
987,rb2210,SHFE,0_0_     1462261,空,平今,4959.0,1,2022-04-13 09:22:32
988,rb2210,SHFE,0_0_     1446053,多,平今,4958.0,4,2022-04-13 09:22:32
989,rb2210,SHFE,0_0_     1462411,空,开,4959.0,3,2022-04-13 09:22:35
990,rb2210,SHFE,0_0_     1462411,空,开,4959.0,1,2022-04-13 09:22:35
991,rb2210,SHFE,0_0_     1462411,空,开,4959.0,1,2022-04-13 09:22:35
992,rb2210,SHFE,0_0_     1462411,空,开,4959.0,1,2022-04-13 09:22:35
993,rb2210,SHFE,0_0_     1463104,多,平今,4958.0,1,2022-04-13 09:22:35
994,rb2210,SHFE,0_0_     1463104,多,平今,4958.0,7,2022-04-13 09:22:35
995,rb2210,SHFE,0_0_     1463107,空,开,4959.0,8,2022-04-13 09:22:38
996,rb2210,SHFE,0_0_     1463928,多,平今,4958.000000000001,4,2022-04-13 09:22:42
997,rb2210,SHFE,0_0_     1464130,空,开,4959.0,1,2022-04-13 09:22:43
998,rb2210,SHFE,0_0_     1464130,空,开,4959.0,1,2022-04-13 09:22:43
999,rb2210,SHFE,0_0_     1464130,空,开,4959.0,2,2022-04-13 09:22:43
1000,rb2210,SHFE,0_0_     1464230,多,平今,4958.0,4,2022-04-13 09:22:43
1001,rb2210,SHFE,0_0_     1464287,空,开,4959.0,1,2022-04-13 09:22:47
1002,rb2210,SHFE,0_0_     1464287,空,开,4959.0,1,2022-04-13 09:22:47
1003,rb2210,SHFE,0_0_     1465248,空,平今,4957.0,3,2022-04-13 09:22:50
1004,rb2210,SHFE,0_0_     1465455,多,开,4957.0,2,2022-04-13 09:22:51
1005,rb2210,SHFE,0_0_     1465455,多,开,4957.0,2,2022-04-13 09:22:51
1006,rb2210,SHFE,0_0_     1465455,多,开,4957.0,2,2022-04-13 09:22:51
1007,rb2210,SHFE,0_0_     1465455,多,开,4957.0,1,2022-04-13 09:22:51
1008,rb2210,SHFE,0_0_     1465709,空,平今,4957.0,4,2022-04-13 09:22:53
1009,rb2210,SHFE,0_0_     1465954,空,平今,4957.0,1,2022-04-13 09:22:55
1010,rb2210,SHFE,0_0_     1466060,空,平今,4957.0,1,2022-04-13 09:22:56
1011,rb2210,SHFE,0_0_     1466060,空,平今,4957.0,1,2022-04-13 09:22:56
1012,rb2210,SHFE,0_0_     1466874,多,平今,4956.0,3,2022-04-13 09:23:01
1013,rb2210,SHFE,0_0_     1467042,多,平今,4956.0,2,2022-04-13 09:23:02
1014,rb2210,SHFE,0_0_     1467043,空,开,4957.000000000001,2,2022-04-13 09:23:04
1015,rb2210,SHFE,0_0_     1464287,空,开,4959.0,2,2022-04-13 09:23:06
1016,rb2210,SHFE,0_0_     1470481,多,平今,4960.0,1,2022-04-13 09:23:32
1017,rb2210,SHFE,0_0_     1470481,多,平今,4960.0,1,2022-04-13 09:23:32
1018,rb2210,SHFE,0_0_     1470481,多,平今,4960.0,1,2022-04-13 09:23:32
1019,rb2210,SHFE,0_0_     1470853,多,开,4961.0,3,2022-04-13 09:23:34
1020,rb2210,SHFE,0_0_     1471477,空,开,4962.0,4,2022-04-13 09:23:39
1021,rb2210,SHFE,0_0_     1467502,多,开,4957.0,4,2022-04-13 09:23:51
1022,rb2210,SHFE,0_0_     1473135,空,平今,4958.0,4,2022-04-13 09:23:53
1023,rb2210,SHFE,0_0_     1475010,多,平今,4956.0,3,2022-04-13 09:24:04
1024,rb2210,SHFE,0_0_     1475397,多,平今,4956.0,1,2022-04-13 09:24:11
1025,rb2210,SHFE,0_0_     1476986,多,开,4958.0,4,2022-04-13 09:24:18
1026,rb2210,SHFE,0_0_     1477371,空,平今,4958.0,1,2022-04-13 09:24:21
1027,rb2210,SHFE,0_0_     1460692,空,平今,4963.0,1,2022-04-13 09:24:35
1028,rb2210,SHFE,0_0_     1478656,多,平今,4962.0,2,2022-04-13 09:24:36
1029,rb2210,SHFE,0_0_     1478758,空,平今,4963.0,2,2022-04-13 09:24:45
1030,rb2210,SHFE,0_0_     1479236,空,平今,4963.0,3,2022-04-13 09:24:45
1031,rb2210,SHFE,0_0_     1479368,空,开,4963.0,4,2022-04-13 09:24:46
1032,rb2210,SHFE,0_0_     1479529,空,开,4963.0,2,2022-04-13 09:24:49
1033,rb2210,SHFE,0_0_     1479529,空,开,4963.0,1,2022-04-13 09:24:49
1034,rb2210,SHFE,0_0_     1480950,空,平今,4962.0,1,2022-04-13 09:25:22
1035,rb2210,SHFE,0_0_     1484802,多,平今,4962.0,4,2022-04-13 09:25:26
1036,rb2210,SHFE,0_0_     1484942,空,开,4963.0,4,2022-04-13 09:25:26
1037,rb2210,SHFE,0_0_     1485020,多,平今,4962.0,4,2022-04-13 09:25:33
1038,rb2210,SHFE,0_0_     1486073,空,开,4963.0,4,2022-04-13 09:25:34
1039,rb2210,SHFE,0_0_     1487341,多,平今,4962.0,6,2022-04-13 09:25:56
1040,rb2210,SHFE,0_0_     1488192,空,开,4963.0,1,2022-04-13 09:25:56
1041,rb2210,SHFE,0_0_     1488192,空,开,4963.0,1,2022-04-13 09:25:56
1042,rb2210,SHFE,0_0_     1488192,空,开,4963.0,2,2022-04-13 09:25:56
1043,rb2210,SHFE,0_0_     1488192,空,开,4963.0,1,2022-04-13 09:25:56
1044,rb2210,SHFE,0_0_     1488192,空,开,4963.0,1,2022-04-13 09:25:57
1045,rb2210,SHFE,0_0_     1490023,多,开,4965.0,4,2022-04-13 09:26:13
1046,rb2210,SHFE,0_0_     1496437,空,平今,4968.0,2,2022-04-13 09:27:02
1047,rb2210,SHFE,0_0_     1496639,多,开,4967.0,6,2022-04-13 09:27:03
1048,rb2210,SHFE,0_0_     1497038,空,平今,4968.000000000001,1,2022-04-13 09:27:04
1049,rb2210,SHFE,0_0_     1497373,空,平今,4968.0,2,2022-04-13 09:27:06
1050,rb2210,SHFE,0_0_     1497726,多,平今,4968.0,1,2022-04-13 09:27:08
1051,rb2210,SHFE,0_0_     1497726,多,平今,4968.0,1,2022-04-13 09:27:08
1052,rb2210,SHFE,0_0_     1497796,空,平今,4969.0,1,2022-04-13 09:27:10
1053,rb2210,SHFE,0_0_     1497990,多,平今,4968.0,1,2022-04-13 09:27:12
1054,rb2210,SHFE,0_0_     1498363,空,平今,4969.0,1,2022-04-13 09:27:13
1055,rb2210,SHFE,0_0_     1498757,多,开,4968.0,4,2022-04-13 09:27:15
1056,rb2210,SHFE,0_0_     1498766,空,平今,4969.0,4,2022-04-13 09:27:16
1057,rb2210,SHFE,0_0_     1498912,多,开,4968.0,4,2022-04-13 09:27:17
1058,rb2210,SHFE,0_0_     1507516,空,平今,4964.0,3,2022-04-13 09:28:16
1059,rb2210,SHFE,0_0_     1508021,多,开,4963.0,3,2022-04-13 09:28:22
1060,rb2210,SHFE,0_0_     1488372,多,平今,4962.0,4,2022-04-13 09:28:22
1061,rb2210,SHFE,0_0_     1508726,空,开,4963.0,5,2022-04-13 09:28:23
1062,rb2210,SHFE,0_0_     1508726,空,开,4963.0,1,2022-04-13 09:28:23
1063,rb2210,SHFE,0_0_     1508725,空,平今,4964.0,3,2022-04-13 09:28:26
1064,rb2210,SHFE,0_0_     1514186,多,平今,4963.0,2,2022-04-13 09:29:11
1065,rb2210,SHFE,0_0_     1515073,空,开,4960.0,1,2022-04-13 09:29:17
1066,rb2210,SHFE,0_0_     1515073,空,开,4960.0,1,2022-04-13 09:29:17
1067,rb2210,SHFE,0_0_     1515073,空,开,4960.0,1,2022-04-13 09:29:17
1068,rb2210,SHFE,0_0_     1515073,空,开,4960.0,1,2022-04-13 09:29:18
1069,rb2210,SHFE,0_0_     1515930,空,平今,4960.0,4,2022-04-13 09:29:30
1070,rb2210,SHFE,0_0_     1516952,多,平今,4959.000000000001,1,2022-04-13 09:29:31
1071,rb2210,SHFE,0_0_     1516952,多,平今,4959.0,1,2022-04-13 09:29:32
1072,rb2210,SHFE,0_0_     1516952,多,平今,4959.0,1,2022-04-13 09:29:32
1073,rb2210,SHFE,0_0_     1516952,多,平今,4959.0,1,2022-04-13 09:29:32
1074,rb2210,SHFE,0_0_     1517378,多,平今,4959.0,2,2022-04-13 09:29:36
1075,rb2210,SHFE,0_0_     1527433,多,平今,4957.0,1,2022-04-13 09:30:39
1076,rb2210,SHFE,0_0_     1527620,空,开,4958.0,6,2022-04-13 09:30:42
1077,rb2210,SHFE,0_0_     1527796,多,平今,4957.0,4,2022-04-13 09:30:50
1078,rb2210,SHFE,0_0_     1529595,空,开,4958.0,3,2022-04-13 09:30:54
1079,rb2210,SHFE,0_0_     1529709,多,开,4957.0,1,2022-04-13 09:30:55
1080,rb2210,SHFE,0_0_     1529709,多,开,4957.0,1,2022-04-13 09:30:55
1081,rb2210,SHFE,0_0_     1529709,多,开,4957.0,1,2022-04-13 09:30:55
1082,rb2210,SHFE,0_0_     1529709,多,开,4957.0,5,2022-04-13 09:30:55
1083,rb2210,SHFE,0_0_     1530006,多,平今,4957.0,2,2022-04-13 09:30:57
1084,rb2210,SHFE,0_0_     1530098,多,平今,4957.0,1,2022-04-13 09:30:59
1085,rb2210,SHFE,0_0_     1530510,空,平今,4959.0,1,2022-04-13 09:31:03
1086,rb2210,SHFE,0_0_     1530510,空,平今,4959.0,2,2022-04-13 09:31:03
1087,rb2210,SHFE,0_0_     1531262,空,开,4958.0,5,2022-04-13 09:31:11
1088,rb2210,SHFE,0_0_     1530510,空,平今,4959.0,1,2022-04-13 09:31:11
1089,rb2210,SHFE,0_0_     1531884,多,平今,4958.0,3,2022-04-13 09:31:15
1090,rb2210,SHFE,0_0_     1532185,空,平今,4959.0,3,2022-04-13 09:31:18
1091,rb2210,SHFE,0_0_     1533160,多,平今,4959.0,1,2022-04-13 09:31:24
1092,rb2210,SHFE,0_0_     1533160,多,平今,4959.0,1,2022-04-13 09:31:24
1093,rb2210,SHFE,0_0_     1532642,多,平今,4958.0,2,2022-04-13 09:31:25
1094,rb2210,SHFE,0_0_     1535058,多,开,4961.0,4,2022-04-13 09:31:41
1095,rb2210,SHFE,0_0_     1540779,空,开,4956.0,1,2022-04-13 09:32:29
1096,rb2210,SHFE,0_0_     1540779,空,开,4956.0,1,2022-04-13 09:32:29
1097,rb2210,SHFE,0_0_     1540802,空,开,4956.0,2,2022-04-13 09:32:32
1098,rb2210,SHFE,0_0_     1541266,空,平今,4956.0,1,2022-04-13 09:32:36
1099,rb2210,SHFE,0_0_     1542073,多,平今,4957.0,1,2022-04-13 09:32:40
1100,rb2210,SHFE,0_0_     1542073,多,平今,4957.0,1,2022-04-13 09:32:40
1101,rb2210,SHFE,0_0_     1542154,多,开,4957.0,4,2022-04-13 09:32:43
1102,rb2210,SHFE,0_0_     1542433,空,平今,4958.0,4,2022-04-13 09:32:50
1103,rb2210,SHFE,0_0_     1543300,多,平今,4957.0,2,2022-04-13 09:32:53
1104,rb2210,SHFE,0_0_     1543752,空,开,4960.0,7,2022-04-13 09:32:55
1105,rb2210,SHFE,0_0_     1544166,多,平今,4958.0,4,2022-04-13 09:32:59
1106,rb2210,SHFE,0_0_     1544706,多,平今,4958.0,2,2022-04-13 09:33:00
1107,rb2210,SHFE,0_0_     1544756,空,平今,4958.0,1,2022-04-13 09:33:02
1108,rb2210,SHFE,0_0_     1544756,空,平今,4958.0,1,2022-04-13 09:33:02
1109,rb2210,SHFE,0_0_     1547181,空,平今,4960.0,1,2022-04-13 09:33:20
1110,rb2210,SHFE,0_0_     1548453,多,开,4960.0,1,2022-04-13 09:33:24
1111,rb2210,SHFE,0_0_     1550764,空,开,4959.0,4,2022-04-13 09:33:55
1112,rb2210,SHFE,0_0_     1550764,空,开,4959.0,1,2022-04-13 09:33:55
1113,rb2210,SHFE,0_0_     1550764,空,开,4959.0,1,2022-04-13 09:33:57
1114,rb2210,SHFE,0_0_     1554645,多,平今,4964.0,6,2022-04-13 09:34:13
1115,rb2210,SHFE,0_0_     1556618,空,开,4963.0,2,2022-04-13 09:34:37
1116,rb2210,SHFE,0_0_     1556618,空,开,4963.0,1,2022-04-13 09:34:37
1117,rb2210,SHFE,0_0_     1556618,空,开,4963.0,1,2022-04-13 09:34:38
1118,rb2210,SHFE,0_0_     1557478,空,平今,4963.0,1,2022-04-13 09:35:15
1119,rb2210,SHFE,0_0_     1562418,多,平今,4962.0,1,2022-04-13 09:35:21
1120,rb2210,SHFE,0_0_     1563582,空,开,4962.0,2,2022-04-13 09:35:22
1121,rb2210,SHFE,0_0_     1566664,多,平今,4958.0,1,2022-04-13 09:35:50
1122,rb2210,SHFE,0_0_     1545560,多,平今,4957.0,2,2022-04-13 09:35:55
1123,rb2210,SHFE,0_0_     1567939,空,开,4957.0,1,2022-04-13 09:35:58
1124,rb2210,SHFE,0_0_     1567939,空,开,4957.0,1,2022-04-13 09:35:58
1125,rb2210,SHFE,0_0_     1567939,空,开,4957.0,1,2022-04-13 09:35:58
1126,rb2210,SHFE,0_0_     1567939,空,开,4957.0,1,2022-04-13 09:35:58
1127,rb2210,SHFE,0_0_     1569687,多,平今,4956.0,3,2022-04-13 09:36:15
1128,rb2210,SHFE,0_0_     1570300,空,开,4956.0,2,2022-04-13 09:36:16
1129,rb2210,SHFE,0_0_     1570362,空,开,4957.0,1,2022-04-13 09:36:25
1130,rb2210,SHFE,0_0_     1573257,多,开,4960.0,1,2022-04-13 09:36:42
1131,rb2210,SHFE,0_0_     1573257,多,开,4960.0,3,2022-04-13 09:36:43
1132,rb2210,SHFE,0_0_     1572256,多,平今,4958.0,3,2022-04-13 09:37:04
1133,rb2210,SHFE,0_0_     1576217,空,平今,4959.0,3,2022-04-13 09:37:04
1134,rb2210,SHFE,0_0_     1581351,多,平今,4960.0,4,2022-04-13 09:37:42
1135,rb2210,SHFE,0_0_     1583533,空,开,4961.0,4,2022-04-13 09:37:51
1136,rb2210,SHFE,0_0_     1583886,多,平今,4960.0,4,2022-04-13 09:37:52
1137,rb2210,SHFE,0_0_     1588253,多,开,4957.0,1,2022-04-13 09:38:15
1138,rb2210,SHFE,0_0_     1588602,空,平今,4957.0,1,2022-04-13 09:38:17
1139,rb2210,SHFE,0_0_     1588653,多,开,4956.0,1,2022-04-13 09:38:18
1140,rb2210,SHFE,0_0_     1569075,多,平今,4955.0,1,2022-04-13 09:38:20
1141,rb2210,SHFE,0_0_     1589256,空,平今,4955.0,2,2022-04-13 09:38:23
1142,rb2210,SHFE,0_0_     1589360,空,开,4955.0,1,2022-04-13 09:38:24
1143,rb2210,SHFE,0_0_     1589503,多,开,4954.0,1,2022-04-13 09:38:26
1144,rb2210,SHFE,0_0_     1589654,多,开,4954.000000000001,2,2022-04-13 09:38:38
1145,rb2210,SHFE,0_0_     1589780,多,平今,4954.000000000001,1,2022-04-13 09:38:38
1146,rb2210,SHFE,0_0_     1591641,空,平今,4955.0,2,2022-04-13 09:38:41
1147,rb2210,SHFE,0_0_     1593619,空,平今,4954.0,1,2022-04-13 09:38:57
1148,rb2210,SHFE,0_0_     1591423,多,开,4953.0,3,2022-04-13 09:38:58
1149,rb2210,SHFE,0_0_     1593917,空,平今,4954.0,2,2022-04-13 09:39:00
1150,rb2210,SHFE,0_0_     1588738,空,开,4957.0,3,2022-04-13 09:39:12
1151,rb2210,SHFE,0_0_     1596517,多,平今,4956.0,3,2022-04-13 09:39:13
1152,rb2210,SHFE,0_0_     1594726,多,开,4953.0,1,2022-04-13 09:39:24
1153,rb2210,SHFE,0_0_     1598489,空,开,4954.0,1,2022-04-13 09:39:26
1154,rb2210,SHFE,0_0_     1602972,多,开,4955.0,2,2022-04-13 09:39:58
1155,rb2210,SHFE,0_0_     1602972,多,开,4955.0,1,2022-04-13 09:39:58
1156,rb2210,SHFE,0_0_     1609655,多,平今,4956.0,1,2022-04-13 09:40:33
1157,rb2210,SHFE,0_0_     1612086,空,平今,4956.0,3,2022-04-13 09:40:52
1158,rb2210,SHFE,0_0_     1584260,空,开,4961.0,4,2022-04-13 09:41:09
1159,rb2210,SHFE,0_0_     1615693,多,平今,4960.0,4,2022-04-13 09:41:11
1160,rb2210,SHFE,0_0_     1616218,空,开,4960.0,4,2022-04-13 09:41:14
1161,rb2210,SHFE,0_0_     1616495,多,平今,4959.0,1,2022-04-13 09:41:15
1162,rb2210,SHFE,0_0_     1616495,多,平今,4959.0,1,2022-04-13 09:41:15
1163,rb2210,SHFE,0_0_     1616495,多,平今,4959.0,2,2022-04-13 09:41:15
1164,rb2210,SHFE,0_0_     1612705,多,开,4956.0,4,2022-04-13 09:41:35
1165,rb2210,SHFE,0_0_     1619583,多,开,4955.0,1,2022-04-13 09:41:45
1166,rb2210,SHFE,0_0_     1620502,空,平今,4955.0,1,2022-04-13 09:41:52
1167,rb2210,SHFE,0_0_     1616574,空,开,4960.0,1,2022-04-13 09:42:30
1168,rb2210,SHFE,0_0_     1616574,空,开,4960.0,1,2022-04-13 09:42:30
1169,rb2210,SHFE,0_0_     1616574,空,开,4960.0,1,2022-04-13 09:42:30
1170,rb2210,SHFE,0_0_     1616574,空,开,4960.0,1,2022-04-13 09:42:31
1171,rb2210,SHFE,0_0_     1626512,多,平今,4959.0,1,2022-04-13 09:42:35
1172,rb2210,SHFE,0_0_     1626800,多,平今,4959.0,1,2022-04-13 09:42:36
1173,rb2210,SHFE,0_0_     1627138,多,平今,4959.0,1,2022-04-13 09:42:39
1174,rb2210,SHFE,0_0_     1627918,空,平今,4960.0,1,2022-04-13 09:42:53
1175,rb2210,SHFE,0_0_     1627918,空,平今,4960.0,1,2022-04-13 09:42:53
1176,rb2210,SHFE,0_0_     1627918,空,平今,4960.0,1,2022-04-13 09:42:53
1177,rb2210,SHFE,0_0_     1630280,多,平今,4959.0,1,2022-04-13 09:42:56
1178,rb2210,SHFE,0_0_     1630288,多,开,4959.0,3,2022-04-13 09:42:58
1179,rb2210,SHFE,0_0_     1631001,空,平今,4960.0,4,2022-04-13 09:43:09
1180,rb2210,SHFE,0_0_     1636107,空,开,4964.0,4,2022-04-13 09:43:40
1181,rb2210,SHFE,0_0_     1636342,多,平今,4963.0,4,2022-04-13 09:43:44
1182,rb2210,SHFE,0_0_     1636722,空,开,4964.0,4,2022-04-13 09:43:50
1183,rb2210,SHFE,0_0_     1637343,多,平今,4963.0,4,2022-04-13 09:43:51
1184,rb2210,SHFE,0_0_     1639250,空,开,4962.0,4,2022-04-13 09:44:11
1185,rb2210,SHFE,0_0_     1640120,多,平今,4961.0,4,2022-04-13 09:44:11
1186,rb2210,SHFE,0_0_     1632794,多,开,4959.0,1,2022-04-13 09:44:45
1187,rb2210,SHFE,0_0_     1632794,多,开,4959.0,1,2022-04-13 09:44:45
1188,rb2210,SHFE,0_0_     1632794,多,开,4959.0,1,2022-04-13 09:44:45
1189,rb2210,SHFE,0_0_     1632794,多,开,4959.0,1,2022-04-13 09:44:45
1190,rb2210,SHFE,0_0_     1643998,空,平今,4960.0,4,2022-04-13 09:44:45
1191,rb2210,SHFE,0_0_     1644059,空,开,4961.0,5,2022-04-13 09:44:45
1192,rb2210,SHFE,0_0_     1644835,多,平今,4960.000000000001,3,2022-04-13 09:45:00
1193,rb2210,SHFE,0_0_     1644007,多,开,4959.0,3,2022-04-13 09:45:04
1194,rb2210,SHFE,0_0_     1644007,多,开,4959.0,1,2022-04-13 09:45:04
1195,rb2210,SHFE,0_0_     1646194,空,平今,4960.0,2,2022-04-13 09:45:05
1196,rb2210,SHFE,0_0_     1646226,空,平今,4960.0,3,2022-04-13 09:45:05
1197,rb2210,SHFE,0_0_     1646367,空,平今,4961.0,2,2022-04-13 09:45:06
1198,rb2210,SHFE,0_0_     1647832,多,平今,4962.0,1,2022-04-13 09:45:19
1199,rb2210,SHFE,0_0_     1651958,多,开,4962.0,1,2022-04-13 09:46:09
1200,rb2210,SHFE,0_0_     1651958,多,开,4962.0,1,2022-04-13 09:46:09
1201,rb2210,SHFE,0_0_     1659575,空,开,4961.0,4,2022-04-13 09:46:42
1202,rb2210,SHFE,0_0_     1659803,多,平今,4961.0,4,2022-04-13 09:46:42
1203,rb2210,SHFE,0_0_     1664098,多,平今,4968.0,1,2022-04-13 09:47:13
1204,rb2210,SHFE,0_0_     1664257,空,平今,4968.0,1,2022-04-13 09:47:15
1205,rb2210,SHFE,0_0_     1664473,空,开,4968.0,1,2022-04-13 09:47:21
1206,rb2210,SHFE,0_0_     1664473,空,开,4968.0,1,2022-04-13 09:47:21
1207,rb2210,SHFE,0_0_     1664473,空,开,4968.0,1,2022-04-13 09:47:21
1208,rb2210,SHFE,0_0_     1664473,空,开,4968.0,1,2022-04-13 09:47:22
1209,rb2210,SHFE,0_0_     1669339,多,开,4970.0,1,2022-04-13 09:48:00
1210,rb2210,SHFE,0_0_     1669184,多,开,4969.0,4,2022-04-13 09:48:02
1211,rb2210,SHFE,0_0_     1669878,空,平今,4969.0,1,2022-04-13 09:48:04
1212,rb2210,SHFE,0_0_     1670108,多,平今,4968.0,1,2022-04-13 09:48:04
1213,rb2210,SHFE,0_0_     1670108,多,平今,4968.0,3,2022-04-13 09:48:04
1214,rb2210,SHFE,0_0_     1671020,空,平今,4968.0,3,2022-04-13 09:48:11
1215,rb2210,SHFE,0_0_     1671020,空,平今,4968.0,1,2022-04-13 09:48:11
1216,rb2210,SHFE,0_0_     1673606,空,平今,4966.0,1,2022-04-13 09:48:45
1217,rb2210,SHFE,0_0_     1677158,空,开,4964.0,2,2022-04-13 09:49:20
1218,rb2210,SHFE,0_0_     1677158,空,开,4964.0,1,2022-04-13 09:49:20
1219,rb2210,SHFE,0_0_     1677158,空,开,4964.0,1,2022-04-13 09:49:20
1220,rb2210,SHFE,0_0_     1681013,多,平今,4963.0,1,2022-04-13 09:49:59
1221,rb2210,SHFE,0_0_     1681013,多,平今,4963.0,1,2022-04-13 09:49:59
1222,rb2210,SHFE,0_0_     1686840,空,开,4963.0,3,2022-04-13 09:51:15
1223,rb2210,SHFE,0_0_     1681067,空,开,4964.0,2,2022-04-13 09:51:21
1224,rb2210,SHFE,0_0_     1708013,多,开,4969.0,1,2022-04-13 09:53:09
1225,rb2210,SHFE,0_0_     1708013,多,开,4969.0,1,2022-04-13 09:53:09
1226,rb2210,SHFE,0_0_     1708013,多,开,4969.0,1,2022-04-13 09:53:09
1227,rb2210,SHFE,0_0_     1708013,多,开,4969.0,1,2022-04-13 09:53:09
1228,rb2210,SHFE,0_0_     1708013,多,开,4969.0,1,2022-04-13 09:53:09
1229,rb2210,SHFE,0_0_     1708013,多,开,4969.0,1,2022-04-13 09:53:09
1230,rb2210,SHFE,0_0_     1708013,多,开,4969.0,1,2022-04-13 09:53:09
1231,rb2210,SHFE,0_0_     1708013,多,开,4969.0,1,2022-04-13 09:53:09
1232,rb2210,SHFE,0_0_     1707515,多,平今,4968.0,3,2022-04-13 09:54:28
1233,rb2210,SHFE,0_0_     1721276,空,平今,4969.0,3,2022-04-13 09:54:41
1234,rb2210,SHFE,0_0_     1719294,空,平今,4970.0,1,2022-04-13 09:54:46
1235,rb2210,SHFE,0_0_     1719294,空,平今,4970.0,1,2022-04-13 09:54:48
1236,rb2210,SHFE,0_0_     1722404,多,平今,4969.0,1,2022-04-13 09:54:52
1237,rb2210,SHFE,0_0_     1723726,多,开,4969.0,3,2022-04-13 09:55:00
1238,rb2210,SHFE,0_0_     1723937,空,平今,4969.0,1,2022-04-13 09:55:03
1239,rb2210,SHFE,0_0_     1724319,空,平今,4969.0,1,2022-04-13 09:55:05
1240,rb2210,SHFE,0_0_     1722482,空,平今,4970.0,1,2022-04-13 09:55:34
1241,rb2210,SHFE,0_0_     1728817,空,平今,4970.0,1,2022-04-13 09:55:38
1242,rb2210,SHFE,0_0_     1729180,多,开,4970.0,1,2022-04-13 09:55:43
1243,rb2210,SHFE,0_0_     1729444,多,开,4970.0,1,2022-04-13 09:55:44
1244,rb2210,SHFE,0_0_     1729706,空,平今,4970.0,1,2022-04-13 09:55:57
1245,rb2210,SHFE,0_0_     1730906,空,平今,4970.0,3,2022-04-13 09:55:59
1246,rb2210,SHFE,0_0_     1731256,多,开,4969.0,1,2022-04-13 09:56:10
1247,rb2210,SHFE,0_0_     1733422,多,开,4971.0,1,2022-04-13 09:56:22
1248,rb2210,SHFE,0_0_     1734059,空,开,4972.0,1,2022-04-13 09:56:27
1249,rb2210,SHFE,0_0_     1734059,空,开,4972.0,1,2022-04-13 09:56:27
1250,rb2210,SHFE,0_0_     1734059,空,开,4972.0,1,2022-04-13 09:56:27
1251,rb2210,SHFE,0_0_     1734059,空,开,4972.0,1,2022-04-13 09:56:28
1252,rb2210,SHFE,0_0_     1734059,空,开,4972.0,1,2022-04-13 09:56:28
1253,rb2210,SHFE,0_0_     1735565,多,平今,4973.0,1,2022-04-13 09:56:43
1254,rb2210,SHFE,0_0_     1735521,多,开,4972.000000000001,4,2022-04-13 09:56:50
1255,rb2210,SHFE,0_0_     1740091,多,平今,4973.0,1,2022-04-13 09:57:32
1256,rb2210,SHFE,0_0_     1744151,空,平今,4974.0,2,2022-04-13 09:57:39
1257,rb2210,SHFE,0_0_     1744497,多,开,4974.000000000001,1,2022-04-13 09:57:39
1258,rb2210,SHFE,0_0_     1734491,多,平今,4971.0,1,2022-04-13 09:58:04
1259,rb2210,SHFE,0_0_     1734491,多,平今,4971.0,1,2022-04-13 09:58:04
1260,rb2210,SHFE,0_0_     1734491,多,平今,4971.0,1,2022-04-13 09:58:04
1261,rb2210,SHFE,0_0_     1734491,多,平今,4971.0,1,2022-04-13 09:58:04
1262,rb2210,SHFE,0_0_     1747531,空,开,4972.0,2,2022-04-13 09:58:05
1263,rb2210,SHFE,0_0_     1750767,多,平今,4970.0,1,2022-04-13 09:58:27
1264,rb2210,SHFE,0_0_     1732687,多,开,4969.0,1,2022-04-13 09:58:40
1265,rb2210,SHFE,0_0_     1752619,空,平今,4970.0,1,2022-04-13 09:58:43
1266,rb2210,SHFE,0_0_     1726143,多,开,4968.0,1,2022-04-13 09:58:46
1267,rb2210,SHFE,0_0_     1754114,多,平今,4969.0,1,2022-04-13 09:58:59
1268,rb2210,SHFE,0_0_     1706779,多,平今,4967.0,2,2022-04-13 09:59:22
1269,rb2210,SHFE,0_0_     1757864,空,平今,4967.0,1,2022-04-13 09:59:28
1270,rb2210,SHFE,0_0_     1757108,空,开,4968.0,1,2022-04-13 09:59:37
1271,rb2210,SHFE,0_0_     1757108,空,开,4968.0,1,2022-04-13 09:59:37
1272,rb2210,SHFE,0_0_     1757108,空,开,4968.0,1,2022-04-13 09:59:37
1273,rb2210,SHFE,0_0_     1757707,空,平今,4968.0,1,2022-04-13 09:59:43
1274,rb2210,SHFE,0_0_     1759909,多,开,4968.0,4,2022-04-13 09:59:48
1275,rb2210,SHFE,0_0_     1759811,多,平今,4967.0,1,2022-04-13 10:00:00
1276,rb2210,SHFE,0_0_     1761848,空,平今,4968.0,1,2022-04-13 10:00:01
1277,rb2210,SHFE,0_0_     1761973,空,平今,4968.0,1,2022-04-13 10:00:02
1278,rb2210,SHFE,0_0_     1764667,空,平今,4966.0,2,2022-04-13 10:00:25
1279,rb2210,SHFE,0_0_     1762121,空,平今,4967.0,1,2022-04-13 10:00:27
1280,rb2210,SHFE,0_0_     1762341,空,开,4967.0,3,2022-04-13 10:00:27
1281,rb2210,SHFE,0_0_     1766492,多,开,4967.0,1,2022-04-13 10:00:27
1282,rb2210,SHFE,0_0_     1766492,多,开,4967.0,1,2022-04-13 10:00:27
1283,rb2210,SHFE,0_0_     1766492,多,开,4967.0,1,2022-04-13 10:00:28
1284,rb2210,SHFE,0_0_     1766492,多,开,4967.0,1,2022-04-13 10:00:28
1285,rb2210,SHFE,0_0_     1783311,空,平今,4967.0,2,2022-04-13 10:02:41
1286,rb2210,SHFE,0_0_     1783379,空,平今,4967.0,1,2022-04-13 10:02:49
1287,rb2210,SHFE,0_0_     1763888,多,平今,4964.000000000001,2,2022-04-13 10:03:14
1288,rb2210,SHFE,0_0_     1787112,空,平今,4965.0,2,2022-04-13 10:03:22
1289,rb2210,SHFE,0_0_     1788113,空,平今,4965.0,1,2022-04-13 10:03:22
1290,rb2210,SHFE,0_0_     1788341,多,平今,4964.0,1,2022-04-13 10:03:24
1291,rb2210,SHFE,0_0_     1788341,多,平今,4964.0,2,2022-04-13 10:03:24
1292,rb2210,SHFE,0_0_     1789862,多,开,4964.0,1,2022-04-13 10:03:37
1293,rb2210,SHFE,0_0_     1789862,多,开,4964.0,2,2022-04-13 10:03:37
1294,rb2210,SHFE,0_0_     1792087,空,开,4964.0,2,2022-04-13 10:04:50
1295,rb2210,SHFE,0_0_     1799384,多,开,4963.0,2,2022-04-13 10:04:50
1296,rb2210,SHFE,0_0_     1799384,多,开,4963.0,1,2022-04-13 10:04:51
1297,rb2210,SHFE,0_0_     1800025,空,平今,4964.0,1,2022-04-13 10:04:56
1298,rb2210,SHFE,0_0_     1790441,空,平今,4965.0,3,2022-04-13 10:05:01
1299,rb2210,SHFE,0_0_     1747817,空,开,4972.0,2,2022-04-13 10:06:18
1300,rb2210,SHFE,0_0_     1747817,空,开,4972.0,1,2022-04-13 10:06:18
1301,rb2210,SHFE,0_0_     1813764,多,平今,4971.0,1,2022-04-13 10:06:30
1302,rb2210,SHFE,0_0_     1813764,多,平今,4971.0,3,2022-04-13 10:06:30
1303,rb2210,SHFE,0_0_     1814935,空,开,4972.0,4,2022-04-13 10:06:36
1304,rb2210,SHFE,0_0_     1815715,多,平今,4971.0,3,2022-04-13 10:06:39
1305,rb2210,SHFE,0_0_     1815715,多,平今,4971.0,1,2022-04-13 10:06:39
1306,rb2210,SHFE,0_0_     1816021,空,平今,4971.0,1,2022-04-13 10:06:40
1307,rb2210,SHFE,0_0_     1816101,空,开,4972.0,1,2022-04-13 10:06:48
1308,rb2210,SHFE,0_0_     1816101,空,开,4972.0,1,2022-04-13 10:06:48
1309,rb2210,SHFE,0_0_     1816101,空,开,4972.0,1,2022-04-13 10:06:48
1310,rb2210,SHFE,0_0_     1816101,空,开,4972.0,1,2022-04-13 10:06:48
1311,rb2210,SHFE,0_0_     1817447,多,平今,4971.0,4,2022-04-13 10:06:49
1312,rb2210,SHFE,0_0_     1817525,空,开,4972.0,1,2022-04-13 10:06:56
1313,rb2210,SHFE,0_0_     1817525,空,开,4972.0,1,2022-04-13 10:06:56
1314,rb2210,SHFE,0_0_     1817525,空,开,4972.0,1,2022-04-13 10:06:56
1315,rb2210,SHFE,0_0_     1817525,空,开,4972.0,1,2022-04-13 10:06:56
1316,rb2210,SHFE,0_0_     1818969,多,平今,4972.0,1,2022-04-13 10:07:04
1317,rb2210,SHFE,0_0_     1818969,多,平今,4972.0,1,2022-04-13 10:07:04
1318,rb2210,SHFE,0_0_     1818969,多,平今,4972.0,1,2022-04-13 10:07:04
1319,rb2210,SHFE,0_0_     1822650,空,平今,4973.0,1,2022-04-13 10:07:29
1320,rb2210,SHFE,0_0_     1823352,空,开,4973.0,1,2022-04-13 10:07:34
1321,rb2210,SHFE,0_0_     1823352,空,开,4973.0,1,2022-04-13 10:07:34
1322,rb2210,SHFE,0_0_     1824632,多,平今,4973.0,1,2022-04-13 10:07:45
1323,rb2210,SHFE,0_0_     1824632,多,平今,4973.0,1,2022-04-13 10:07:45
1324,rb2210,SHFE,0_0_     1824632,多,平今,4973.0,1,2022-04-13 10:07:45
1325,rb2210,SHFE,0_0_     1824632,多,平今,4973.0,1,2022-04-13 10:07:46
1326,rb2210,SHFE,0_0_     1826538,多,开,4973.0,1,2022-04-13 10:08:03
1327,rb2210,SHFE,0_0_     1827074,空,开,4974.0,4,2022-04-13 10:08:07
1328,rb2210,SHFE,0_0_     1827720,多,开,4976.0,1,2022-04-13 10:08:10
1329,rb2210,SHFE,0_0_     1827720,多,开,4976.0,1,2022-04-13 10:08:10
1330,rb2210,SHFE,0_0_     1827299,多,平今,4973.0,4,2022-04-13 10:08:17
1331,rb2210,SHFE,0_0_     1829118,空,平今,4973.0,4,2022-04-13 10:08:18
1332,rb2210,SHFE,0_0_     1829659,空,开,4973.0,2,2022-04-13 10:08:21
1333,rb2210,SHFE,0_0_     1833626,空,开,4973.0,2,2022-04-13 10:08:57
1334,rb2210,SHFE,0_0_     1838424,空,开,4972.0,2,2022-04-13 10:09:33
1335,rb2210,SHFE,0_0_     1838424,空,开,4972.0,1,2022-04-13 10:09:36
1336,rb2210,SHFE,0_0_     1848466,多,开,4975.0,4,2022-04-13 10:11:03
1337,rb2210,SHFE,0_0_     1848466,多,开,4975.0,1,2022-04-13 10:11:03
1338,rb2210,SHFE,0_0_     1848466,多,开,4975.0,3,2022-04-13 10:11:03
1339,rb2210,SHFE,0_0_     1848928,空,平今,4975.0,1,2022-04-13 10:11:05
1340,rb2210,SHFE,0_0_     1848928,空,平今,4975.0,3,2022-04-13 10:11:05
1341,rb2210,SHFE,0_0_     1849452,空,平今,4975.0,2,2022-04-13 10:11:10
1342,rb2210,SHFE,0_0_     1849452,空,平今,4975.0,1,2022-04-13 10:11:10
1343,rb2210,SHFE,0_0_     1849452,空,平今,4975.0,1,2022-04-13 10:11:10
1344,rb2210,SHFE,0_0_     1849778,空,开,4975.0,1,2022-04-13 10:11:12
1345,rb2210,SHFE,0_0_     1853529,多,开,4978.0,7,2022-04-13 10:11:50
1346,rb2210,SHFE,0_0_     1854028,多,平今,4979.0,1,2022-04-13 10:12:00
1347,rb2210,SHFE,0_0_     1854028,多,平今,4979.0,2,2022-04-13 10:12:00
1348,rb2210,SHFE,0_0_     1863295,空,平今,4983.0,1,2022-04-13 10:13:21
1349,rb2210,SHFE,0_0_     1863753,空,平今,4983.0,2,2022-04-13 10:13:25
1350,rb2210,SHFE,0_0_     1863753,空,平今,4983.0,1,2022-04-13 10:13:25
1351,rb2210,SHFE,0_0_     1863877,多,平今,4982.0,1,2022-04-13 10:13:26
1352,rb2210,SHFE,0_0_     1863918,空,平今,4983.0,1,2022-04-13 10:13:28
1353,rb2210,SHFE,0_0_     1864056,多,平今,4982.0,3,2022-04-13 10:13:30
1354,rb2210,SHFE,0_0_     1869892,空,开,4989.0,1,2022-04-13 10:30:21
1355,rb2210,SHFE,0_0_     1869892,空,开,4989.0,1,2022-04-13 10:30:21
1356,rb2210,SHFE,0_0_     1870115,空,开,4991.0,5,2022-04-13 10:30:29
1357,rb2210,SHFE,0_0_     1869677,空,平今,4992.0,1,2022-04-13 10:30:31
1358,rb2210,SHFE,0_0_     1870535,空,平今,4992.0,1,2022-04-13 10:30:42
1359,rb2210,SHFE,0_0_     1871046,多,平今,5000.0,1,2022-04-13 10:30:57
1360,rb2210,SHFE,0_0_     1871798,多,平今,4996.0,1,2022-04-13 10:31:17
1361,rb2210,SHFE,0_0_     1871805,空,开,4997.0,1,2022-04-13 10:31:36
1362,rb2210,SHFE,0_0_     1872571,多,平今,4996.0,1,2022-04-13 10:31:36
1363,rb2210,SHFE,0_0_     1872583,空,开,4997.0,1,2022-04-13 10:31:36
1364,rb2210,SHFE,0_0_     1872584,多,平今,4996.0,1,2022-04-13 10:32:07
1365,rb2210,SHFE,0_0_     1874109,空,开,4997.0,1,2022-04-13 10:32:14
1366,rb2210,SHFE,0_0_     1874460,多,平今,4997.0,3,2022-04-13 10:32:31
1367,rb2210,SHFE,0_0_     1875244,空,开,4998.0,3,2022-04-13 10:32:31
1368,rb2210,SHFE,0_0_     1875307,多,平今,4998.0,3,2022-04-13 10:32:49
1369,rb2210,SHFE,0_0_     1875259,多,平今,4997.0,2,2022-04-13 10:32:52
1370,rb2210,SHFE,0_0_     1875259,多,平今,4997.0,1,2022-04-13 10:32:52
1371,rb2210,SHFE,0_0_     1876646,多,开,4997.0,2,2022-04-13 10:32:54
1372,rb2210,SHFE,0_0_     1876732,空,开,4998.0,1,2022-04-13 10:32:58
1373,rb2210,SHFE,0_0_     1877090,多,开,4997.000000000001,1,2022-04-13 10:32:58
1374,rb2210,SHFE,0_0_     1877090,多,开,4997.000000000001,1,2022-04-13 10:32:58
1375,rb2210,SHFE,0_0_     1877090,多,开,4997.000000000001,2,2022-04-13 10:32:58
1376,rb2210,SHFE,0_0_     1877090,多,开,4997.000000000001,1,2022-04-13 10:32:58
1377,rb2210,SHFE,0_0_     1877579,空,平今,4997.0,2,2022-04-13 10:33:03
1378,rb2210,SHFE,0_0_     1877879,空,平今,4998.0,2,2022-04-13 10:33:23
1379,rb2210,SHFE,0_0_     1879241,多,平今,4997.0,2,2022-04-13 10:33:24
1380,rb2210,SHFE,0_0_     1879297,空,平今,4998.0,2,2022-04-13 10:33:24
1381,rb2210,SHFE,0_0_     1879298,多,开,4997.0,1,2022-04-13 10:33:26
1382,rb2210,SHFE,0_0_     1879298,多,开,4997.0,1,2022-04-13 10:33:26
1383,rb2210,SHFE,0_0_     1879426,空,平今,4998.0,2,2022-04-13 10:33:26
1384,rb2210,SHFE,0_0_     1880407,多,开,4998.0,1,2022-04-13 10:33:47
1385,rb2210,SHFE,0_0_     1882714,空,开,4993.0,3,2022-04-13 10:34:10
1386,rb2210,SHFE,0_0_     1882714,空,开,4993.0,1,2022-04-13 10:34:10
1387,rb2210,SHFE,0_0_     1881021,空,平今,4999.0,2,2022-04-13 10:35:10
1388,rb2210,SHFE,0_0_     1889025,多,平今,4998.0,1,2022-04-13 10:35:12
1389,rb2210,SHFE,0_0_     1889025,多,平今,4998.0,1,2022-04-13 10:35:13
1390,rb2210,SHFE,0_0_     1889271,空,开,4999.0,1,2022-04-13 10:35:13
1391,rb2210,SHFE,0_0_     1890912,空,开,5002.0,1,2022-04-13 10:35:31
1392,rb2210,SHFE,0_0_     1891563,多,平今,5001.0,2,2022-04-13 10:35:38
1393,rb2210,SHFE,0_0_     1892769,空,开,5003.0,3,2022-04-13 10:35:48
1394,rb2210,SHFE,0_0_     1892924,空,开,5003.0,1,2022-04-13 10:35:50
1395,rb2210,SHFE,0_0_     1894743,多,开,4998.0,8,2022-04-13 10:36:07
1396,rb2210,SHFE,0_0_     1895069,空,平今,4998.0,4,2022-04-13 10:36:09
1397,rb2210,SHFE,0_0_     1896803,多,平今,4998.0,2,2022-04-13 10:36:31
1398,rb2210,SHFE,0_0_     1896879,空,平今,4999.0,2,2022-04-13 10:36:32
1399,rb2210,SHFE,0_0_     1896935,多,平今,4998.0,2,2022-04-13 10:36:32
1400,rb2210,SHFE,0_0_     1896947,空,平今,4999.0,1,2022-04-13 10:36:34
1401,rb2210,SHFE,0_0_     1896947,空,平今,4999.0,1,2022-04-13 10:36:35
1402,rb2210,SHFE,0_0_     1897111,多,平今,4998.000000000001,1,2022-04-13 10:36:35
1403,rb2210,SHFE,0_0_     1897134,空,开,4999.0,1,2022-04-13 10:36:40
1404,rb2210,SHFE,0_0_     1893335,空,开,5002.0,1,2022-04-13 10:37:12
1405,rb2210,SHFE,0_0_     1901905,多,平今,5001.0,1,2022-04-13 10:37:22
1406,rb2210,SHFE,0_0_     1906094,多,平今,5003.0,2,2022-04-13 10:38:03
1407,rb2210,SHFE,0_0_     1906177,多,开,5003.0,1,2022-04-13 10:38:04
1408,rb2210,SHFE,0_0_     1914439,空,开,4998.0,2,2022-04-13 10:39:16
1409,rb2210,SHFE,0_0_     1909802,空,平今,5003.0,1,2022-04-13 10:39:42
1410,rb2210,SHFE,0_0_     1917684,多,平今,5002.0,1,2022-04-13 10:39:42
1411,rb2210,SHFE,0_0_     1918097,多,开,5000.0,3,2022-04-13 10:39:46
1412,rb2210,SHFE,0_0_     1919155,空,平今,5000.0,1,2022-04-13 10:40:00
1413,rb2210,SHFE,0_0_     1920346,空,开,4998.0,4,2022-04-13 10:40:12
1414,rb2210,SHFE,0_0_     1933634,多,平今,4995.0,1,2022-04-13 10:42:16
1415,rb2210,SHFE,0_0_     1933930,空,平今,4995.0,2,2022-04-13 10:42:22
1416,rb2210,SHFE,0_0_     1943524,空,开,5004.0,2,2022-04-13 10:43:43
1417,rb2210,SHFE,0_0_     1943573,多,平今,5003.0,1,2022-04-13 10:43:48
1418,rb2210,SHFE,0_0_     1943573,多,平今,5003.0,5,2022-04-13 10:43:48
1419,rb2210,SHFE,0_0_     1944311,空,开,5004.0,4,2022-04-13 10:43:50
1420,rb2210,SHFE,0_0_     1944536,多,平今,5003.0,4,2022-04-13 10:43:52
1421,rb2210,SHFE,0_0_     1944775,多,开,5002.0,3,2022-04-13 10:44:06
1422,rb2210,SHFE,0_0_     1945830,空,平今,5003.0,3,2022-04-13 10:44:09
1423,rb2210,SHFE,0_0_     1946217,多,开,5002.0,5,2022-04-13 10:44:16
1424,rb2210,SHFE,0_0_     1947210,空,平今,5002.0,4,2022-04-13 10:44:24
1425,rb2210,SHFE,0_0_     1948342,多,开,5001.0,5,2022-04-13 10:44:28
1426,rb2210,SHFE,0_0_     1951170,空,平今,5002.0,3,2022-04-13 10:44:53
1427,rb2210,SHFE,0_0_     1954880,空,开,5006.0,2,2022-04-13 10:45:07
1428,rb2210,SHFE,0_0_     1954880,空,开,5006.0,2,2022-04-13 10:45:07
1429,rb2210,SHFE,0_0_     1954936,多,平今,5005.0,4,2022-04-13 10:45:07
1430,rb2210,SHFE,0_0_     1955021,多,开,5005.0,2,2022-04-13 10:45:08
1431,rb2210,SHFE,0_0_     1955022,空,平今,5006.0,1,2022-04-13 10:45:08
1432,rb2210,SHFE,0_0_     1955022,空,平今,5006.0,1,2022-04-13 10:45:08
1433,rb2210,SHFE,0_0_     1955039,多,开,5005.0,1,2022-04-13 10:45:08
1434,rb2210,SHFE,0_0_     1955039,多,开,5005.0,1,2022-04-13 10:45:08
1435,rb2210,SHFE,0_0_     1952819,多,开,5001.0,3,2022-04-13 10:45:14
1436,rb2210,SHFE,0_0_     1955819,空,平今,5002.0,3,2022-04-13 10:47:00
1437,rb2210,SHFE,0_0_     1955819,空,平今,5002.0,1,2022-04-13 10:47:00
1438,rb2210,SHFE,0_0_     1955819,空,平今,5002.0,1,2022-04-13 10:47:00
1439,rb2210,SHFE,0_0_     1955819,空,平今,5002.0,1,2022-04-13 10:47:01
1440,rb2210,SHFE,0_0_     1969588,多,开,5001.0,1,2022-04-13 10:47:04
1441,rb2210,SHFE,0_0_     1982677,空,开,5006.0,4,2022-04-13 10:49:07
1442,rb2210,SHFE,0_0_     1984127,空,开,5009.0,4,2022-04-13 10:49:15
1443,rb2210,SHFE,0_0_     1984266,多,平今,5008.0,2,2022-04-13 10:49:16
1444,rb2210,SHFE,0_0_     1984266,多,平今,5008.0,1,2022-04-13 10:49:16
1445,rb2210,SHFE,0_0_     1984266,多,平今,5008.0,1,2022-04-13 10:49:16
1446,rb2210,SHFE,0_0_     1984295,多,开,5008.0,1,2022-04-13 10:49:16
1447,rb2210,SHFE,0_0_     1984295,多,开,5008.0,2,2022-04-13 10:49:16
1448,rb2210,SHFE,0_0_     1984295,多,开,5008.0,1,2022-04-13 10:49:16
1449,rb2210,SHFE,0_0_     1983262,多,平今,5007.0,2,2022-04-13 10:49:16
1450,rb2210,SHFE,0_0_     1984913,多,平今,5008.0,2,2022-04-13 10:49:19
1451,rb2210,SHFE,0_0_     1985722,空,平今,5004.0,1,2022-04-13 10:49:24
1452,rb2210,SHFE,0_0_     1986346,空,开,5005.0,3,2022-04-13 10:49:32
1453,rb2210,SHFE,0_0_     1986403,多,平今,5004.0,3,2022-04-13 10:49:38
1454,rb2210,SHFE,0_0_     1986978,空,开,5005.0,3,2022-04-13 10:49:42
1455,rb2210,SHFE,0_0_     1987484,多,平今,5004.0,1,2022-04-13 10:49:43
1456,rb2210,SHFE,0_0_     1987484,多,平今,5004.0,1,2022-04-13 10:49:43
1457,rb2210,SHFE,0_0_     1987484,多,平今,5004.0,1,2022-04-13 10:49:43
1458,rb2210,SHFE,0_0_     1991589,空,开,5002.0,1,2022-04-13 10:50:20
1459,rb2210,SHFE,0_0_     2001592,空,平今,4997.0,4,2022-04-13 10:52:01
1460,rb2210,SHFE,0_0_     1991051,空,开,5004.0,1,2022-04-13 10:54:01
1461,rb2210,SHFE,0_0_     2015778,空,开,5005.0,6,2022-04-13 10:54:28
1462,rb2210,SHFE,0_0_     2017028,多,平今,5005.0,2,2022-04-13 10:54:30
1463,rb2210,SHFE,0_0_     2017028,多,平今,5005.0,1,2022-04-13 10:54:30
1464,rb2210,SHFE,0_0_     2017028,多,平今,5005.0,1,2022-04-13 10:54:30
1465,rb2210,SHFE,0_0_     2018502,多,开,5007.0,1,2022-04-13 10:55:11
1466,rb2210,SHFE,0_0_     2018502,多,开,5007.0,3,2022-04-13 10:55:11
