,code,exchange,orderid,direction,offset,price,volume,datetime
0,rb2210,SHFE,0_0_         229,多,开,4948.0,4,2022-04-13 21:00:12
1,rb2210,SHFE,0_0_         264,空,平今,4948.0,4,2022-04-13 21:00:13
2,rb2210,SHFE,0_0_         424,多,开,4946.0,4,2022-04-13 21:00:27
3,rb2210,SHFE,0_0_         424,多,开,4946.0,1,2022-04-13 21:00:27
4,rb2210,SHFE,0_0_         424,多,开,4946.0,1,2022-04-13 21:00:27
5,rb2210,SHFE,0_0_         424,多,开,4946.0,1,2022-04-13 21:00:27
6,rb2210,SHFE,0_0_         424,多,开,4946.0,1,2022-04-13 21:00:27
7,rb2210,SHFE,0_0_         791,空,平今,4943.0,7,2022-04-13 21:00:32
8,rb2210,SHFE,0_0_         758,空,平今,4944.0,1,2022-04-13 21:00:48
9,rb2210,SHFE,0_0_        1228,多,平昨,4943.0,1,2022-04-13 21:00:48
10,rb2210,SHFE,0_0_        2001,空,开,4939.0,6,2022-04-13 21:01:16
11,rb2210,SHFE,0_0_        2619,多,平昨,4935.0,2,2022-04-13 21:01:42
12,rb2210,SHFE,0_0_        2652,空,开,4936.0,2,2022-04-13 21:01:43
13,rb2210,SHFE,0_0_        2673,多,开,4937.0,8,2022-04-13 21:01:44
14,rb2210,SHFE,0_0_        2945,空,平今,4942.0,8,2022-04-13 21:01:56
15,rb2210,SHFE,0_0_        2979,多,平今,4942.0,4,2022-04-13 21:01:57
16,rb2210,SHFE,0_0_        3007,多,开,4942.0,3,2022-04-13 21:01:58
17,rb2210,SHFE,0_0_        3260,多,平今,4946.0,1,2022-04-13 21:02:08
18,rb2210,SHFE,0_0_        3293,空,平今,4946.0,2,2022-04-13 21:02:10
19,rb2210,SHFE,0_0_        3325,空,平今,4946.0,1,2022-04-13 21:02:11
20,rb2210,SHFE,0_0_        3349,多,平今,4946.0,2,2022-04-13 21:02:12
21,rb2210,SHFE,0_0_        3349,多,平今,4946.0,1,2022-04-13 21:02:12
22,rb2210,SHFE,0_0_        3371,空,开,4947.0,1,2022-04-13 21:02:14
23,rb2210,SHFE,0_0_        3371,空,开,4947.0,1,2022-04-13 21:02:14
24,rb2210,SHFE,0_0_        3371,空,开,4947.0,1,2022-04-13 21:02:14
25,rb2210,SHFE,0_0_        3986,空,开,4950.0,1,2022-04-13 21:02:34
26,rb2210,SHFE,0_0_        4610,多,开,4953.0,7,2022-04-13 21:02:49
27,rb2210,SHFE,0_0_        4743,空,平今,4954.0,4,2022-04-13 21:02:53
28,rb2210,SHFE,0_0_        4873,多,平今,4954.0,1,2022-04-13 21:02:54
29,rb2210,SHFE,0_0_        6287,多,开,4955.0,2,2022-04-13 21:03:23
30,rb2210,SHFE,0_0_        6448,空,平今,4956.0,2,2022-04-13 21:03:26
31,rb2210,SHFE,0_0_        6487,多,平今,4955.0,2,2022-04-13 21:03:27
32,rb2210,SHFE,0_0_        6846,多,开,4955.0,5,2022-04-13 21:03:35
33,rb2210,SHFE,0_0_        6933,空,平今,4955.0,1,2022-04-13 21:03:37
34,rb2210,SHFE,0_0_        7870,多,平今,4953.0,1,2022-04-13 21:03:56
35,rb2210,SHFE,0_0_        9328,空,平今,4957.0,3,2022-04-13 21:04:19
36,rb2210,SHFE,0_0_        8530,多,开,4955.0,1,2022-04-13 21:04:33
37,rb2210,SHFE,0_0_       10413,空,开,4955.0,4,2022-04-13 21:04:34
38,rb2210,SHFE,0_0_       11101,空,平今,4955.0,1,2022-04-13 21:04:47
39,rb2210,SHFE,0_0_       11169,多,平今,4954.0,4,2022-04-13 21:04:48
40,rb2210,SHFE,0_0_       11783,空,开,4955.0,3,2022-04-13 21:04:55
41,rb2210,SHFE,0_0_       15023,空,开,4952.0,4,2022-04-13 21:05:16
42,rb2210,SHFE,0_0_       15430,多,平今,4951.0,4,2022-04-13 21:05:17
43,rb2210,SHFE,0_0_       15654,空,开,4952.0,1,2022-04-13 21:05:17
44,rb2210,SHFE,0_0_       15654,空,开,4952.0,2,2022-04-13 21:05:18
45,rb2210,SHFE,0_0_       15654,空,开,4952.0,1,2022-04-13 21:05:18
46,rb2210,SHFE,0_0_       15702,多,平今,4951.0,3,2022-04-13 21:05:18
47,rb2210,SHFE,0_0_       15773,空,开,4952.0,3,2022-04-13 21:05:24
48,rb2210,SHFE,0_0_       10312,空,平今,4957.0,3,2022-04-13 21:05:37
49,rb2210,SHFE,0_0_       17864,多,平今,4955.0,2,2022-04-13 21:05:39
50,rb2210,SHFE,0_0_       18210,多,开,4955.0,3,2022-04-13 21:05:43
51,rb2210,SHFE,0_0_       18210,多,开,4955.0,1,2022-04-13 21:05:43
52,rb2210,SHFE,0_0_       18393,多,开,4955.0,3,2022-04-13 21:05:44
53,rb2210,SHFE,0_0_       18410,空,平今,4956.0,5,2022-04-13 21:05:46
54,rb2210,SHFE,0_0_       19095,空,平今,4957.0,2,2022-04-13 21:05:57
55,rb2210,SHFE,0_0_       19667,多,平今,4956.0,1,2022-04-13 21:06:02
56,rb2210,SHFE,0_0_       18504,多,开,4955.0,1,2022-04-13 21:06:02
57,rb2210,SHFE,0_0_       18504,多,开,4955.0,4,2022-04-13 21:06:03
58,rb2210,SHFE,0_0_       20202,空,平今,4956.0,1,2022-04-13 21:06:04
59,rb2210,SHFE,0_0_       20202,空,平今,4956.0,1,2022-04-13 21:06:04
60,rb2210,SHFE,0_0_       20202,空,平今,4956.0,2,2022-04-13 21:06:04
61,rb2210,SHFE,0_0_       20202,空,平今,4956.0,1,2022-04-13 21:06:04
62,rb2210,SHFE,0_0_       20360,空,开,4955.0,2,2022-04-13 21:06:05
63,rb2210,SHFE,0_0_       21562,多,平今,4954.0,2,2022-04-13 21:06:15
64,rb2210,SHFE,0_0_       21803,空,开,4955.000000000001,2,2022-04-13 21:06:16
65,rb2210,SHFE,0_0_       21803,空,开,4955.000000000001,1,2022-04-13 21:06:16
66,rb2210,SHFE,0_0_       23180,空,平今,4955.0,1,2022-04-13 21:06:26
67,rb2210,SHFE,0_0_       23921,多,平今,4954.0,1,2022-04-13 21:06:32
68,rb2210,SHFE,0_0_       23921,多,平今,4954.0,1,2022-04-13 21:06:32
69,rb2210,SHFE,0_0_       24224,空,开,4954.0,2,2022-04-13 21:06:33
70,rb2210,SHFE,0_0_       28684,多,开,4953.0,8,2022-04-13 21:07:13
71,rb2210,SHFE,0_0_       35426,多,平今,4960.0,1,2022-04-13 21:07:45
72,rb2210,SHFE,0_0_       36121,多,平今,4962.0,2,2022-04-13 21:07:48
73,rb2210,SHFE,0_0_       41524,空,平今,4961.0,3,2022-04-13 21:08:24
74,rb2210,SHFE,0_0_       42035,空,开,4960.0,3,2022-04-13 21:08:28
75,rb2210,SHFE,0_0_       45712,多,平今,4961.0,3,2022-04-13 21:08:50
76,rb2210,SHFE,0_0_       38159,空,平今,4964.0,4,2022-04-13 21:09:04
77,rb2210,SHFE,0_0_       48368,多,开,4964.0,4,2022-04-13 21:09:05
78,rb2210,SHFE,0_0_       49574,多,平今,4969.0,2,2022-04-13 21:09:12
79,rb2210,SHFE,0_0_       51167,空,平今,4973.0,4,2022-04-13 21:09:20
80,rb2210,SHFE,0_0_       51224,多,开,4972.0,1,2022-04-13 21:09:20
81,rb2210,SHFE,0_0_       51224,多,开,4972.0,1,2022-04-13 21:09:20
82,rb2210,SHFE,0_0_       51224,多,开,4972.0,1,2022-04-13 21:09:20
83,rb2210,SHFE,0_0_       51224,多,开,4972.0,1,2022-04-13 21:09:20
84,rb2210,SHFE,0_0_       51227,空,平今,4973.0,4,2022-04-13 21:09:20
85,rb2210,SHFE,0_0_       51229,多,开,4972.0,4,2022-04-13 21:09:20
86,rb2210,SHFE,0_0_       51249,空,平今,4973.0,4,2022-04-13 21:09:21
87,rb2210,SHFE,0_0_       51685,多,开,4972.0,4,2022-04-13 21:09:21
88,rb2210,SHFE,0_0_       55208,空,开,4969.0,3,2022-04-13 21:09:48
89,rb2210,SHFE,0_0_       56303,多,平今,4970.0,2,2022-04-13 21:09:53
90,rb2210,SHFE,0_0_       56303,多,平今,4970.0,2,2022-04-13 21:09:53
91,rb2210,SHFE,0_0_       56443,空,开,4969.0,4,2022-04-13 21:09:55
92,rb2210,SHFE,0_0_       56658,多,平今,4969.0,3,2022-04-13 21:09:57
93,rb2210,SHFE,0_0_       56658,多,平今,4969.0,1,2022-04-13 21:09:57
94,rb2210,SHFE,0_0_       52556,空,开,4971.0,2,2022-04-13 21:10:00
95,rb2210,SHFE,0_0_       58212,空,平今,4970.0,1,2022-04-13 21:10:08
96,rb2210,SHFE,0_0_       59477,空,开,4968.0,1,2022-04-13 21:10:14
97,rb2210,SHFE,0_0_       60119,多,平今,4969.0,1,2022-04-13 21:10:18
98,rb2210,SHFE,0_0_       61671,空,开,4967.0,2,2022-04-13 21:10:27
99,rb2210,SHFE,0_0_       61838,多,平今,4966.0,3,2022-04-13 21:10:29
100,rb2210,SHFE,0_0_       62022,空,开,4967.0,3,2022-04-13 21:10:29
101,rb2210,SHFE,0_0_       62062,多,平今,4966.0,3,2022-04-13 21:10:31
102,rb2210,SHFE,0_0_       62943,空,开,4967.0,3,2022-04-13 21:11:09
103,rb2210,SHFE,0_0_       76147,空,平今,4963.0,2,2022-04-13 21:11:48
104,rb2210,SHFE,0_0_       76147,空,平今,4963.0,1,2022-04-13 21:11:48
105,rb2210,SHFE,0_0_       76147,空,平今,4963.0,1,2022-04-13 21:11:48
106,rb2210,SHFE,0_0_       76420,多,平今,4963.0,4,2022-04-13 21:11:51
107,rb2210,SHFE,0_0_       81200,空,开,4960.0,1,2022-04-13 21:13:06
108,rb2210,SHFE,0_0_       88402,多,平今,4958.0,2,2022-04-13 21:13:10
109,rb2210,SHFE,0_0_       89040,多,开,4957.0,2,2022-04-13 21:13:13
110,rb2210,SHFE,0_0_       89462,多,开,4957.000000000001,1,2022-04-13 21:13:15
111,rb2210,SHFE,0_0_       89571,空,平今,4958.0,2,2022-04-13 21:14:09
112,rb2210,SHFE,0_0_       97735,多,开,4957.0,2,2022-04-13 21:14:09
113,rb2210,SHFE,0_0_      103248,空,平今,4957.0,1,2022-04-13 21:14:39
114,rb2210,SHFE,0_0_      104141,多,开,4956.0,1,2022-04-13 21:14:49
115,rb2210,SHFE,0_0_      107154,多,开,4957.0,1,2022-04-13 21:15:08
116,rb2210,SHFE,0_0_      109639,多,开,4955.0,1,2022-04-13 21:15:12
117,rb2210,SHFE,0_0_      110648,空,平今,4954.0,2,2022-04-13 21:15:17
118,rb2210,SHFE,0_0_      111000,空,开,4953.0,4,2022-04-13 21:15:21
119,rb2210,SHFE,0_0_      111619,多,平今,4952.0,4,2022-04-13 21:15:22
120,rb2210,SHFE,0_0_      112655,空,开,4950.0,1,2022-04-13 21:15:29
121,rb2210,SHFE,0_0_      112655,空,开,4950.0,1,2022-04-13 21:15:29
122,rb2210,SHFE,0_0_      112451,空,开,4951.0,1,2022-04-13 21:15:33
123,rb2210,SHFE,0_0_      119502,多,平今,4947.0,1,2022-04-13 21:16:13
124,rb2210,SHFE,0_0_      119865,空,平今,4948.0,1,2022-04-13 21:16:13
125,rb2210,SHFE,0_0_      120070,多,平今,4947.0,1,2022-04-13 21:16:14
126,rb2210,SHFE,0_0_      120107,空,平今,4948.0,1,2022-04-13 21:16:14
127,rb2210,SHFE,0_0_      120107,空,平今,4948.0,1,2022-04-13 21:16:14
128,rb2210,SHFE,0_0_      120119,空,开,4948.0,1,2022-04-13 21:16:15
129,rb2210,SHFE,0_0_      120317,多,开,4948.0,1,2022-04-13 21:16:16
130,rb2210,SHFE,0_0_      120317,多,开,4948.0,2,2022-04-13 21:16:16
131,rb2210,SHFE,0_0_      120317,多,开,4948.0,1,2022-04-13 21:16:16
132,rb2210,SHFE,0_0_      120718,多,开,4949.0,1,2022-04-13 21:16:20
133,rb2210,SHFE,0_0_      120718,多,开,4949.0,2,2022-04-13 21:16:20
134,rb2210,SHFE,0_0_      122458,空,平今,4949.0,1,2022-04-13 21:16:33
135,rb2210,SHFE,0_0_      124441,空,平今,4950.0,1,2022-04-13 21:16:46
136,rb2210,SHFE,0_0_      125909,空,平今,4950.0,4,2022-04-13 21:16:56
137,rb2210,SHFE,0_0_      131287,多,平今,4949.0,1,2022-04-13 21:17:28
138,rb2210,SHFE,0_0_      131392,多,平今,4949.0,1,2022-04-13 21:17:30
139,rb2210,SHFE,0_0_      111080,空,开,4953.0,1,2022-04-13 21:17:48
140,rb2210,SHFE,0_0_      135624,多,开,4952.0,2,2022-04-13 21:17:49
141,rb2210,SHFE,0_0_      111764,空,开,4953.000000000001,4,2022-04-13 21:17:50
142,rb2210,SHFE,0_0_      135867,多,平今,4952.0,4,2022-04-13 21:17:50
143,rb2210,SHFE,0_0_      136094,空,平今,4952.0,2,2022-04-13 21:17:52
144,rb2210,SHFE,0_0_      136524,多,平今,4951.0,1,2022-04-13 21:18:05
145,rb2210,SHFE,0_0_      131751,多,开,4949.0,1,2022-04-13 21:18:13
146,rb2210,SHFE,0_0_      140334,空,平今,4948.0,1,2022-04-13 21:18:22
147,rb2210,SHFE,0_0_      140169,空,开,4949.0,4,2022-04-13 21:18:24
148,rb2210,SHFE,0_0_      141732,多,开,4950.0,6,2022-04-13 21:18:31
149,rb2210,SHFE,0_0_      142449,空,平今,4951.0,2,2022-04-13 21:18:42
150,rb2210,SHFE,0_0_      143580,空,平今,4951.0,2,2022-04-13 21:18:42
151,rb2210,SHFE,0_0_      138123,空,平今,4952.0,1,2022-04-13 21:18:47
152,rb2210,SHFE,0_0_      135894,空,开,4953.0,2,2022-04-13 21:18:49
153,rb2210,SHFE,0_0_      135894,空,开,4953.0,2,2022-04-13 21:18:49
154,rb2210,SHFE,0_0_      144545,多,平今,4952.0,4,2022-04-13 21:19:00
155,rb2210,SHFE,0_0_      144110,多,平今,4951.0,1,2022-04-13 21:19:11
156,rb2210,SHFE,0_0_      147448,空,开,4952.0,2,2022-04-13 21:19:14
157,rb2210,SHFE,0_0_      175946,多,平今,4954.0,2,2022-04-13 21:22:33
158,rb2210,SHFE,0_0_      175946,多,平今,4954.0,2,2022-04-13 21:22:33
159,rb2210,SHFE,0_0_      191707,多,平今,4950.0,1,2022-04-13 21:24:05
160,rb2210,SHFE,0_0_      207335,空,平今,4950.0,1,2022-04-13 21:26:00
161,rb2210,SHFE,0_0_      213355,多,开,4949.0,1,2022-04-13 21:27:13
162,rb2210,SHFE,0_0_      226169,空,平今,4950.0,1,2022-04-13 21:27:14
163,rb2210,SHFE,0_0_      177984,空,开,4955.0,3,2022-04-13 21:28:34
164,rb2210,SHFE,0_0_      177984,空,开,4955.0,1,2022-04-13 21:28:35
165,rb2210,SHFE,0_0_      243647,多,平今,4955.0,1,2022-04-13 21:28:53
166,rb2210,SHFE,0_0_      238965,多,开,4953.0,2,2022-04-13 21:28:57
167,rb2210,SHFE,0_0_      238965,多,开,4953.0,1,2022-04-13 21:29:05
168,rb2210,SHFE,0_0_      246203,多,开,4954.0,2,2022-04-13 21:29:08
169,rb2210,SHFE,0_0_      246203,多,开,4954.0,2,2022-04-13 21:29:08
170,rb2210,SHFE,0_0_      251639,空,平今,4961.0,1,2022-04-13 21:29:43
171,rb2210,SHFE,0_0_      251961,多,平今,4960.0,1,2022-04-13 21:29:43
172,rb2210,SHFE,0_0_      255303,空,平今,4958.0,1,2022-04-13 21:30:05
173,rb2210,SHFE,0_0_      266713,多,平今,4955.0,2,2022-04-13 21:31:26
174,rb2210,SHFE,0_0_      270411,空,平今,4955.0,3,2022-04-13 21:31:28
175,rb2210,SHFE,0_0_      281349,多,开,4958.0,3,2022-04-13 21:32:32
176,rb2210,SHFE,0_0_      281588,空,平今,4959.0,3,2022-04-13 21:32:33
177,rb2210,SHFE,0_0_      281626,多,开,4958.0,1,2022-04-13 21:33:01
178,rb2210,SHFE,0_0_      281626,多,开,4958.0,4,2022-04-13 21:33:01
179,rb2210,SHFE,0_0_      296657,空,平今,4958.0,1,2022-04-13 21:34:25
180,rb2210,SHFE,0_0_      297821,多,开,4957.0,1,2022-04-13 21:34:27
181,rb2210,SHFE,0_0_      298006,空,平今,4958.0,3,2022-04-13 21:34:41
182,rb2210,SHFE,0_0_      300014,多,开,4957.0,3,2022-04-13 21:34:44
183,rb2210,SHFE,0_0_      314507,空,平今,4955.0,1,2022-04-13 21:36:09
184,rb2210,SHFE,0_0_      321704,空,平今,4963.0,3,2022-04-13 21:37:07
185,rb2210,SHFE,0_0_      321704,空,平今,4963.0,1,2022-04-13 21:37:07
186,rb2210,SHFE,0_0_      326815,多,开,4968.0,2,2022-04-13 21:37:47
187,rb2210,SHFE,0_0_      326927,空,平今,4969.0,1,2022-04-13 21:37:48
188,rb2210,SHFE,0_0_      326927,空,平今,4969.0,3,2022-04-13 21:37:48
189,rb2210,SHFE,0_0_      326941,空,开,4969.0,1,2022-04-13 21:37:48
190,rb2210,SHFE,0_0_      326941,空,开,4969.0,1,2022-04-13 21:37:48
191,rb2210,SHFE,0_0_      326942,多,平今,4968.0,2,2022-04-13 21:37:48
192,rb2210,SHFE,0_0_      326943,空,开,4969.0,2,2022-04-13 21:37:48
193,rb2210,SHFE,0_0_      326944,多,平今,4968.0,1,2022-04-13 21:37:48
194,rb2210,SHFE,0_0_      326944,多,平今,4968.0,1,2022-04-13 21:37:48
195,rb2210,SHFE,0_0_      326945,空,开,4969.0,1,2022-04-13 21:37:48
196,rb2210,SHFE,0_0_      326945,空,开,4969.0,1,2022-04-13 21:37:48
197,rb2210,SHFE,0_0_      326946,多,平今,4968.0,2,2022-04-13 21:37:48
198,rb2210,SHFE,0_0_      326947,空,开,4969.0,1,2022-04-13 21:37:48
199,rb2210,SHFE,0_0_      326947,空,开,4969.0,1,2022-04-13 21:37:48
200,rb2210,SHFE,0_0_      326948,多,平今,4968.0,2,2022-04-13 21:37:48
201,rb2210,SHFE,0_0_      326951,空,开,4969.0,1,2022-04-13 21:37:48
202,rb2210,SHFE,0_0_      326951,空,开,4969.0,1,2022-04-13 21:37:48
203,rb2210,SHFE,0_0_      326952,多,平今,4968.0,1,2022-04-13 21:37:48
204,rb2210,SHFE,0_0_      326952,多,平今,4968.0,1,2022-04-13 21:37:48
205,rb2210,SHFE,0_0_      327263,多,开,4968.0,1,2022-04-13 21:37:50
206,rb2210,SHFE,0_0_      327263,多,开,4968.0,3,2022-04-13 21:37:50
207,rb2210,SHFE,0_0_      327380,空,平今,4969.0,3,2022-04-13 21:37:50
208,rb2210,SHFE,0_0_      327435,多,开,4968.0,1,2022-04-13 21:37:51
209,rb2210,SHFE,0_0_      327435,多,开,4968.0,2,2022-04-13 21:37:51
210,rb2210,SHFE,0_0_      327459,空,平今,4969.0,3,2022-04-13 21:37:52
211,rb2210,SHFE,0_0_      327585,多,开,4968.0,2,2022-04-13 21:37:52
212,rb2210,SHFE,0_0_      327585,多,开,4968.0,1,2022-04-13 21:37:52
213,rb2210,SHFE,0_0_      329792,空,开,4968.0,4,2022-04-13 21:38:09
214,rb2210,SHFE,0_0_      327588,空,平今,4969.0,1,2022-04-13 21:38:09
215,rb2210,SHFE,0_0_      327588,空,平今,4969.0,1,2022-04-13 21:38:09
216,rb2210,SHFE,0_0_      327588,空,平今,4969.0,1,2022-04-13 21:38:09
217,rb2210,SHFE,0_0_      329886,多,平今,4968.0,1,2022-04-13 21:38:10
218,rb2210,SHFE,0_0_      329886,多,平今,4968.0,1,2022-04-13 21:38:10
219,rb2210,SHFE,0_0_      329886,多,平今,4968.0,1,2022-04-13 21:38:10
220,rb2210,SHFE,0_0_      330848,多,开,4969.0,1,2022-04-13 21:38:16
221,rb2210,SHFE,0_0_      330848,多,开,4969.0,1,2022-04-13 21:38:16
222,rb2210,SHFE,0_0_      331801,多,平今,4972.0,1,2022-04-13 21:38:20
223,rb2210,SHFE,0_0_      338252,空,平今,4972.0,2,2022-04-13 21:39:05
224,rb2210,SHFE,0_0_      341803,空,开,4973.000000000001,1,2022-04-13 21:39:30
225,rb2210,SHFE,0_0_      341803,空,开,4973.000000000001,1,2022-04-13 21:39:30
226,rb2210,SHFE,0_0_      334451,空,平今,4975.0,2,2022-04-13 21:40:00
227,rb2210,SHFE,0_0_      346200,多,平今,4974.0,1,2022-04-13 21:40:00
228,rb2210,SHFE,0_0_      346200,多,平今,4974.0,1,2022-04-13 21:40:00
229,rb2210,SHFE,0_0_      346231,多,开,4974.0,1,2022-04-13 21:40:00
230,rb2210,SHFE,0_0_      346231,多,开,4974.0,1,2022-04-13 21:40:00
231,rb2210,SHFE,0_0_      346231,多,开,4974.0,1,2022-04-13 21:40:00
232,rb2210,SHFE,0_0_      331413,多,开,4969.0,4,2022-04-13 21:40:18
233,rb2210,SHFE,0_0_      348774,空,平今,4970.0,4,2022-04-13 21:40:20
234,rb2210,SHFE,0_0_      349649,多,开,4970.0,1,2022-04-13 21:40:28
235,rb2210,SHFE,0_0_      346833,空,开,4974.0,4,2022-04-13 21:40:48
236,rb2210,SHFE,0_0_      352526,空,平今,4974.0,4,2022-04-13 21:40:53
237,rb2210,SHFE,0_0_      352560,多,平今,4974.0,1,2022-04-13 21:40:53
238,rb2210,SHFE,0_0_      352560,多,平今,4974.0,3,2022-04-13 21:40:53
239,rb2210,SHFE,0_0_      357770,多,开,4975.0,1,2022-04-13 21:41:34
240,rb2210,SHFE,0_0_      357770,多,开,4975.0,1,2022-04-13 21:41:34
241,rb2210,SHFE,0_0_      357770,多,开,4975.0,1,2022-04-13 21:41:34
242,rb2210,SHFE,0_0_      357999,多,开,4975.0,4,2022-04-13 21:41:37
243,rb2210,SHFE,0_0_      361206,空,平今,4974.0,1,2022-04-13 21:41:59
244,rb2210,SHFE,0_0_      363894,空,平今,4973.0,3,2022-04-13 21:42:13
245,rb2210,SHFE,0_0_      364552,空,开,4974.0,1,2022-04-13 21:42:23
246,rb2210,SHFE,0_0_      364552,空,开,4974.0,3,2022-04-13 21:42:24
247,rb2210,SHFE,0_0_      361702,空,平今,4976.0,1,2022-04-13 21:42:50
248,rb2210,SHFE,0_0_      369166,多,开,4975.0,5,2022-04-13 21:42:51
249,rb2210,SHFE,0_0_      369374,多,平今,4975.0,4,2022-04-13 21:42:53
250,rb2210,SHFE,0_0_      369285,空,平今,4976.0,4,2022-04-13 21:42:58
251,rb2210,SHFE,0_0_      369636,空,平今,4976.0,3,2022-04-13 21:42:59
252,rb2210,SHFE,0_0_      369837,多,开,4976.0,2,2022-04-13 21:43:02
253,rb2210,SHFE,0_0_      369837,多,开,4976.0,1,2022-04-13 21:43:03
254,rb2210,SHFE,0_0_      370625,多,开,4976.0,1,2022-04-13 21:43:07
255,rb2210,SHFE,0_0_      371372,空,平今,4977.0,3,2022-04-13 21:43:10
256,rb2210,SHFE,0_0_      371505,多,开,4976.0,1,2022-04-13 21:43:10
257,rb2210,SHFE,0_0_      371516,多,开,4976.0,3,2022-04-13 21:43:11
258,rb2210,SHFE,0_0_      371567,空,平今,4976.0,1,2022-04-13 21:43:14
259,rb2210,SHFE,0_0_      372765,空,开,4975.0,4,2022-04-13 21:43:21
260,rb2210,SHFE,0_0_      379183,空,开,4974.0,2,2022-04-13 21:44:21
261,rb2210,SHFE,0_0_      381716,多,平今,4973.0,4,2022-04-13 21:44:22
262,rb2210,SHFE,0_0_      382132,多,平今,4973.0,1,2022-04-13 21:44:26
263,rb2210,SHFE,0_0_      372032,空,平今,4976.0,3,2022-04-13 21:44:37
264,rb2210,SHFE,0_0_      372032,空,平今,4976.0,1,2022-04-13 21:44:37
265,rb2210,SHFE,0_0_      384023,多,开,4976.0,1,2022-04-13 21:44:39
266,rb2210,SHFE,0_0_      384023,多,开,4976.0,1,2022-04-13 21:44:39
267,rb2210,SHFE,0_0_      384023,多,开,4976.0,1,2022-04-13 21:44:39
268,rb2210,SHFE,0_0_      384023,多,开,4976.0,1,2022-04-13 21:44:39
269,rb2210,SHFE,0_0_      385697,多,平今,4976.0,1,2022-04-13 21:44:49
270,rb2210,SHFE,0_0_      386241,空,平今,4977.0,1,2022-04-13 21:44:55
271,rb2210,SHFE,0_0_      386362,空,平今,4977.0,3,2022-04-13 21:44:56
272,rb2210,SHFE,0_0_      387418,多,开,4976.0,1,2022-04-13 21:45:05
273,rb2210,SHFE,0_0_      387418,多,开,4976.0,2,2022-04-13 21:45:05
274,rb2210,SHFE,0_0_      389172,空,平今,4974.0,1,2022-04-13 21:45:08
275,rb2210,SHFE,0_0_      390922,空,开,4973.0,3,2022-04-13 21:45:17
276,rb2210,SHFE,0_0_      392738,多,平今,4970.0,1,2022-04-13 21:45:28
277,rb2210,SHFE,0_0_      393283,空,平今,4971.0,1,2022-04-13 21:45:29
278,rb2210,SHFE,0_0_      393458,多,平今,4970.0,1,2022-04-13 21:45:30
279,rb2210,SHFE,0_0_      394377,空,开,4971.0,2,2022-04-13 21:45:33
280,rb2210,SHFE,0_0_      394714,多,平今,4972.0,1,2022-04-13 21:45:36
281,rb2210,SHFE,0_0_      399543,空,平今,4970.0,1,2022-04-13 21:46:01
282,rb2210,SHFE,0_0_      400019,空,开,4970.0,1,2022-04-13 21:46:03
283,rb2210,SHFE,0_0_      402018,多,开,4969.0,4,2022-04-13 21:46:14
284,rb2210,SHFE,0_0_      402324,空,平今,4970.0,4,2022-04-13 21:46:31
285,rb2210,SHFE,0_0_      405578,多,开,4970.0,4,2022-04-13 21:46:32
286,rb2210,SHFE,0_0_      407469,多,开,4970.0,4,2022-04-13 21:47:11
287,rb2210,SHFE,0_0_      412405,空,平今,4971.0,4,2022-04-13 21:47:12
288,rb2210,SHFE,0_0_      388618,空,开,4977.0,1,2022-04-13 21:50:01
289,rb2210,SHFE,0_0_      388618,空,开,4977.0,3,2022-04-13 21:50:01
290,rb2210,SHFE,0_0_      437655,多,平今,4976.0,5,2022-04-13 21:50:02
291,rb2210,SHFE,0_0_      444750,空,开,4971.0,1,2022-04-13 21:50:47
292,rb2210,SHFE,0_0_      444750,空,开,4971.0,1,2022-04-13 21:50:47
293,rb2210,SHFE,0_0_      455144,多,平今,4976.0,2,2022-04-13 21:52:09
294,rb2210,SHFE,0_0_      455144,多,平今,4976.0,2,2022-04-13 21:52:09
295,rb2210,SHFE,0_0_      455781,空,平今,4976.000000000001,1,2022-04-13 21:52:17
296,rb2210,SHFE,0_0_      458974,空,平今,4977.0,3,2022-04-13 21:52:35
297,rb2210,SHFE,0_0_      458152,空,开,4978.0,4,2022-04-13 21:53:08
298,rb2210,SHFE,0_0_      463108,多,平今,4977.0,1,2022-04-13 21:53:09
299,rb2210,SHFE,0_0_      463108,多,平今,4977.0,1,2022-04-13 21:53:09
300,rb2210,SHFE,0_0_      463108,多,平今,4977.0,1,2022-04-13 21:53:09
301,rb2210,SHFE,0_0_      463108,多,平今,4977.0,1,2022-04-13 21:53:10
302,rb2210,SHFE,0_0_      463887,空,开,4978.0,3,2022-04-13 21:53:16
303,rb2210,SHFE,0_0_      464205,空,开,4978.0,3,2022-04-13 21:53:18
304,rb2210,SHFE,0_0_      465326,多,开,4979.0,4,2022-04-13 21:53:25
305,rb2210,SHFE,0_0_      465729,多,开,4981.0,4,2022-04-13 21:53:28
306,rb2210,SHFE,0_0_      471328,多,平今,4981.0,2,2022-04-13 21:54:29
307,rb2210,SHFE,0_0_      473098,空,平今,4982.0,4,2022-04-13 21:54:32
308,rb2210,SHFE,0_0_      473942,空,平今,4983.0,1,2022-04-13 21:54:43
309,rb2210,SHFE,0_0_      474652,多,开,4983.0,1,2022-04-13 21:54:50
310,rb2210,SHFE,0_0_      475113,多,开,4983.0,1,2022-04-13 21:54:52
311,rb2210,SHFE,0_0_      475247,空,平今,4984.0,2,2022-04-13 21:54:57
312,rb2210,SHFE,0_0_      476003,多,开,4983.0,2,2022-04-13 21:55:07
313,rb2210,SHFE,0_0_      476012,多,开,4983.0,1,2022-04-13 21:55:08
314,rb2210,SHFE,0_0_      477238,空,平今,4984.0,4,2022-04-13 21:55:08
315,rb2210,SHFE,0_0_      477504,多,开,4984.0,1,2022-04-13 21:55:09
316,rb2210,SHFE,0_0_      479586,多,平今,4989.0,1,2022-04-13 21:55:29
317,rb2210,SHFE,0_0_      481128,多,平今,4989.0,2,2022-04-13 21:55:47
318,rb2210,SHFE,0_0_      481310,多,平今,4989.0,1,2022-04-13 21:55:48
319,rb2210,SHFE,0_0_      482617,空,平今,4991.0,1,2022-04-13 21:56:00
320,rb2210,SHFE,0_0_      482732,空,开,4991.0,1,2022-04-13 21:56:00
321,rb2210,SHFE,0_0_      482732,空,开,4991.0,2,2022-04-13 21:56:00
322,rb2210,SHFE,0_0_      482732,空,开,4991.0,1,2022-04-13 21:56:00
323,rb2210,SHFE,0_0_      482808,多,平今,4991.0,1,2022-04-13 21:56:01
324,rb2210,SHFE,0_0_      488467,多,平今,4990.0,2,2022-04-13 21:56:45
325,rb2210,SHFE,0_0_      488732,空,开,4990.0,7,2022-04-13 21:56:46
326,rb2210,SHFE,0_0_      488801,多,平今,4990.0,4,2022-04-13 21:56:47
327,rb2210,SHFE,0_0_      488927,多,平今,4990.0,4,2022-04-13 21:56:48
328,rb2210,SHFE,0_0_      489394,空,开,4990.0,2,2022-04-13 21:56:56
329,rb2210,SHFE,0_0_      489394,空,开,4990.0,1,2022-04-13 21:56:56
330,rb2210,SHFE,0_0_      489394,空,开,4990.0,1,2022-04-13 21:56:56
331,rb2210,SHFE,0_0_      492100,多,平今,4987.0,1,2022-04-13 21:57:26
332,rb2210,SHFE,0_0_      492318,空,开,4987.0,3,2022-04-13 21:57:29
333,rb2210,SHFE,0_0_      492635,多,平今,4986.0,3,2022-04-13 21:57:33
334,rb2210,SHFE,0_0_      494897,空,平今,4987.0,1,2022-04-13 21:57:56
335,rb2210,SHFE,0_0_      495131,多,平今,4986.0,3,2022-04-13 21:57:59
336,rb2210,SHFE,0_0_      502630,多,开,4987.0,1,2022-04-13 21:59:07
337,rb2210,SHFE,0_0_      504022,空,平今,4986.0,2,2022-04-13 21:59:15
338,rb2210,SHFE,0_0_      507370,多,开,4990.0,1,2022-04-13 21:59:52
339,rb2210,SHFE,0_0_      507801,空,开,4991.0,4,2022-04-13 21:59:58
340,rb2210,SHFE,0_0_      508061,多,平今,4990.0,3,2022-04-13 21:59:59
341,rb2210,SHFE,0_0_      507898,多,平今,4990.0,1,2022-04-13 22:00:00
342,rb2210,SHFE,0_0_      508344,空,开,4992.0,1,2022-04-13 22:00:00
343,rb2210,SHFE,0_0_      508344,空,开,4992.0,3,2022-04-13 22:00:00
344,rb2210,SHFE,0_0_      508344,空,开,4992.0,1,2022-04-13 22:00:00
345,rb2210,SHFE,0_0_      508344,空,开,4992.0,2,2022-04-13 22:00:00
346,rb2210,SHFE,0_0_      508424,多,平今,4992.0,4,2022-04-13 22:00:01
347,rb2210,SHFE,0_0_      509688,多,平今,4990.0,2,2022-04-13 22:00:06
348,rb2210,SHFE,0_0_      509697,空,平今,4991.0,1,2022-04-13 22:00:16
349,rb2210,SHFE,0_0_      512646,多,开,4991.0,4,2022-04-13 22:00:27
350,rb2210,SHFE,0_0_      515118,空,平今,4991.0,3,2022-04-13 22:00:50
351,rb2210,SHFE,0_0_      516783,空,平今,4989.0,1,2022-04-13 22:00:59
352,rb2210,SHFE,0_0_      516842,空,开,4990.0,7,2022-04-13 22:01:01
353,rb2210,SHFE,0_0_      525478,多,平今,4993.0,4,2022-04-13 22:02:05
354,rb2210,SHFE,0_0_      525242,多,开,4992.0,1,2022-04-13 22:02:11
355,rb2210,SHFE,0_0_      525242,多,开,4992.0,1,2022-04-13 22:02:13
356,rb2210,SHFE,0_0_      525242,多,开,4992.0,1,2022-04-13 22:02:13
357,rb2210,SHFE,0_0_      525242,多,开,4992.0,1,2022-04-13 22:02:13
358,rb2210,SHFE,0_0_      525242,多,开,4992.0,2,2022-04-13 22:02:13
359,rb2210,SHFE,0_0_      526973,空,平今,4992.0,1,2022-04-13 22:02:19
360,rb2210,SHFE,0_0_      530497,空,平今,4993.0,2,2022-04-13 22:02:56
361,rb2210,SHFE,0_0_      531301,多,开,4993.0,1,2022-04-13 22:03:01
362,rb2210,SHFE,0_0_      531301,多,开,4993.0,1,2022-04-13 22:03:01
363,rb2210,SHFE,0_0_      524058,多,平今,4988.0,4,2022-04-13 22:03:23
364,rb2210,SHFE,0_0_      534793,空,平今,4989.0,3,2022-04-13 22:03:32
365,rb2210,SHFE,0_0_      534793,空,平今,4989.0,1,2022-04-13 22:03:32
366,rb2210,SHFE,0_0_      535972,多,开,4988.0,2,2022-04-13 22:03:33
367,rb2210,SHFE,0_0_      535972,多,开,4988.0,2,2022-04-13 22:03:33
368,rb2210,SHFE,0_0_      536158,空,平今,4989.000000000001,1,2022-04-13 22:03:40
369,rb2210,SHFE,0_0_      536683,多,开,4988.0,1,2022-04-13 22:03:43
370,rb2210,SHFE,0_0_      537182,空,平今,4989.0,1,2022-04-13 22:03:49
371,rb2210,SHFE,0_0_      544739,空,平今,4992.0,1,2022-04-13 22:05:10
372,rb2210,SHFE,0_0_      549005,空,平今,4994.0,1,2022-04-13 22:05:17
373,rb2210,SHFE,0_0_      551319,空,平今,4993.0,1,2022-04-13 22:05:32
374,rb2210,SHFE,0_0_      552741,多,开,4993.0,1,2022-04-13 22:05:40
375,rb2210,SHFE,0_0_      552741,多,开,4993.0,3,2022-04-13 22:05:40
376,rb2210,SHFE,0_0_      552901,空,开,4994.0,8,2022-04-13 22:05:54
377,rb2210,SHFE,0_0_      554998,多,平今,4993.0,3,2022-04-13 22:06:00
378,rb2210,SHFE,0_0_      555707,空,平今,4994.0,3,2022-04-13 22:06:01
379,rb2210,SHFE,0_0_      555972,多,平今,4993.0,2,2022-04-13 22:06:02
380,rb2210,SHFE,0_0_      556056,空,平今,4993.0,1,2022-04-13 22:06:05
381,rb2210,SHFE,0_0_      556395,空,平今,4993.0,1,2022-04-13 22:06:10
382,rb2210,SHFE,0_0_      558330,空,开,4991.0,5,2022-04-13 22:06:17
383,rb2210,SHFE,0_0_      559183,多,平今,4991.0,1,2022-04-13 22:06:22
384,rb2210,SHFE,0_0_      559183,多,平今,4991.0,1,2022-04-13 22:06:22
385,rb2210,SHFE,0_0_      559183,多,平今,4991.0,1,2022-04-13 22:06:22
386,rb2210,SHFE,0_0_      559183,多,平今,4991.0,1,2022-04-13 22:06:22
387,rb2210,SHFE,0_0_      505512,多,开,4986.0,2,2022-04-13 22:06:55
388,rb2210,SHFE,0_0_      562895,空,平今,4987.0,1,2022-04-13 22:06:55
389,rb2210,SHFE,0_0_      562895,空,平今,4987.0,1,2022-04-13 22:06:55
390,rb2210,SHFE,0_0_      562909,多,平今,4986.0,2,2022-04-13 22:06:58
391,rb2210,SHFE,0_0_      563103,空,开,4987.0,2,2022-04-13 22:06:58
392,rb2210,SHFE,0_0_      563119,多,平今,4986.0,2,2022-04-13 22:07:00
393,rb2210,SHFE,0_0_      563284,空,开,4986.0,1,2022-04-13 22:07:00
394,rb2210,SHFE,0_0_      563899,空,开,4984.0,1,2022-04-13 22:07:04
395,rb2210,SHFE,0_0_      563899,空,开,4984.0,2,2022-04-13 22:07:04
396,rb2210,SHFE,0_0_      565844,多,平今,4984.0,2,2022-04-13 22:07:28
397,rb2210,SHFE,0_0_      566266,多,平今,4984.000000000001,4,2022-04-13 22:07:31
398,rb2210,SHFE,0_0_      566420,多,开,4984.0,1,2022-04-13 22:07:32
399,rb2210,SHFE,0_0_      566420,多,开,4984.0,1,2022-04-13 22:07:32
400,rb2210,SHFE,0_0_      566420,多,开,4984.0,2,2022-04-13 22:07:32
401,rb2210,SHFE,0_0_      566883,空,平今,4984.0,1,2022-04-13 22:07:43
402,rb2210,SHFE,0_0_      566883,空,平今,4984.0,1,2022-04-13 22:07:43
403,rb2210,SHFE,0_0_      567745,空,开,4983.0,4,2022-04-13 22:07:45
404,rb2210,SHFE,0_0_      567826,多,平今,4982.0,4,2022-04-13 22:07:49
405,rb2210,SHFE,0_0_      567961,空,开,4983.0,3,2022-04-13 22:07:54
406,rb2210,SHFE,0_0_      568734,多,平今,4982.0,2,2022-04-13 22:08:02
407,rb2210,SHFE,0_0_      568231,多,开,4981.0,4,2022-04-13 22:08:02
408,rb2210,SHFE,0_0_      568747,空,平今,4982.0,4,2022-04-13 22:08:03
409,rb2210,SHFE,0_0_      568763,空,开,4982.0,1,2022-04-13 22:08:03
410,rb2210,SHFE,0_0_      568763,空,开,4982.0,1,2022-04-13 22:08:03
411,rb2210,SHFE,0_0_      568763,空,开,4982.0,2,2022-04-13 22:08:03
412,rb2210,SHFE,0_0_      568946,多,平今,4982.0,1,2022-04-13 22:08:06
413,rb2210,SHFE,0_0_      568958,空,开,4982.0,1,2022-04-13 22:08:06
414,rb2210,SHFE,0_0_      568958,空,开,4982.0,2,2022-04-13 22:08:07
415,rb2210,SHFE,0_0_      568797,多,平今,4981.0,3,2022-04-13 22:08:14
416,rb2210,SHFE,0_0_      570555,多,平今,4980.0,4,2022-04-13 22:08:29
417,rb2210,SHFE,0_0_      572246,多,开,4980.0,1,2022-04-13 22:08:41
418,rb2210,SHFE,0_0_      572911,空,开,4980.0,2,2022-04-13 22:08:46
419,rb2210,SHFE,0_0_      572911,空,开,4980.0,1,2022-04-13 22:08:46
420,rb2210,SHFE,0_0_      572911,空,开,4980.0,1,2022-04-13 22:08:46
421,rb2210,SHFE,0_0_      572990,多,平今,4980.0,1,2022-04-13 22:08:47
422,rb2210,SHFE,0_0_      573424,空,平今,4979.0,3,2022-04-13 22:08:51
423,rb2210,SHFE,0_0_      574318,多,平今,4978.0,1,2022-04-13 22:09:00
424,rb2210,SHFE,0_0_      574385,空,开,4979.0,1,2022-04-13 22:09:01
425,rb2210,SHFE,0_0_      574698,多,平今,4979.0,1,2022-04-13 22:09:02
426,rb2210,SHFE,0_0_      574698,多,平今,4979.0,1,2022-04-13 22:09:02
427,rb2210,SHFE,0_0_      574959,多,开,4979.0,2,2022-04-13 22:09:03
428,rb2210,SHFE,0_0_      575574,多,开,4979.0,2,2022-04-13 22:09:11
429,rb2210,SHFE,0_0_      576792,空,开,4978.0,1,2022-04-13 22:09:23
430,rb2210,SHFE,0_0_      576792,空,开,4978.0,1,2022-04-13 22:09:24
431,rb2210,SHFE,0_0_      576792,空,开,4978.0,1,2022-04-13 22:09:24
432,rb2210,SHFE,0_0_      576792,空,开,4978.0,1,2022-04-13 22:09:24
433,rb2210,SHFE,0_0_      577538,空,平今,4978.0,2,2022-04-13 22:09:36
434,rb2210,SHFE,0_0_      569559,空,开,4982.0,3,2022-04-13 22:10:59
435,rb2210,SHFE,0_0_      588358,多,平今,4981.0,2,2022-04-13 22:11:01
436,rb2210,SHFE,0_0_      588358,多,平今,4981.0,1,2022-04-13 22:11:01
437,rb2210,SHFE,0_0_      596583,多,开,4982.0,2,2022-04-13 22:12:14
438,rb2210,SHFE,0_0_      596657,空,平今,4982.0,1,2022-04-13 22:12:18
439,rb2210,SHFE,0_0_      596657,空,平今,4982.0,1,2022-04-13 22:12:19
440,rb2210,SHFE,0_0_      596657,空,平今,4982.0,1,2022-04-13 22:12:19
441,rb2210,SHFE,0_0_      596657,空,平今,4982.0,1,2022-04-13 22:12:19
442,rb2210,SHFE,0_0_      598117,多,开,4981.000000000001,3,2022-04-13 22:12:34
443,rb2210,SHFE,0_0_      598225,空,平今,4982.0,1,2022-04-13 22:12:49
444,rb2210,SHFE,0_0_      598225,空,平今,4982.0,2,2022-04-13 22:12:49
445,rb2210,SHFE,0_0_      578939,多,平今,4976.0,1,2022-04-13 22:14:20
446,rb2210,SHFE,0_0_      578939,多,平今,4976.0,1,2022-04-13 22:14:20
447,rb2210,SHFE,0_0_      578939,多,平今,4976.0,2,2022-04-13 22:14:20
448,rb2210,SHFE,0_0_      610155,空,开,4976.0,1,2022-04-13 22:14:29
449,rb2210,SHFE,0_0_      611260,空,开,4976.0,2,2022-04-13 22:14:40
450,rb2210,SHFE,0_0_      615309,多,平今,4976.000000000001,3,2022-04-13 22:15:13
451,rb2210,SHFE,0_0_      616801,空,开,4976.0,1,2022-04-13 22:15:16
452,rb2210,SHFE,0_0_      616801,空,开,4976.0,4,2022-04-13 22:15:16
453,rb2210,SHFE,0_0_      616801,空,开,4976.0,2,2022-04-13 22:15:16
454,rb2210,SHFE,0_0_      612682,多,平今,4975.0,1,2022-04-13 22:15:17
455,rb2210,SHFE,0_0_      618314,多,平今,4974.0,1,2022-04-13 22:15:40
456,rb2210,SHFE,0_0_      620840,空,开,4975.0,1,2022-04-13 22:15:43
457,rb2210,SHFE,0_0_      622255,多,平今,4975.0,1,2022-04-13 22:15:50
458,rb2210,SHFE,0_0_      620190,空,开,4976.0,1,2022-04-13 22:15:51
459,rb2210,SHFE,0_0_      622636,多,平今,4975.0,6,2022-04-13 22:15:52
460,rb2210,SHFE,0_0_      621733,多,平今,4974.0,1,2022-04-13 22:16:04
461,rb2210,SHFE,0_0_      624401,空,开,4975.0,2,2022-04-13 22:16:05
462,rb2210,SHFE,0_0_      624708,空,开,4976.0,1,2022-04-13 22:16:07
463,rb2210,SHFE,0_0_      627789,多,开,4980.0,3,2022-04-13 22:16:32
464,rb2210,SHFE,0_0_      627791,多,平今,4979.0,3,2022-04-13 22:16:32
465,rb2210,SHFE,0_0_      627842,空,开,4980.0,4,2022-04-13 22:16:35
466,rb2210,SHFE,0_0_      628187,空,开,4979.0,4,2022-04-13 22:16:37
467,rb2210,SHFE,0_0_      630704,多,平今,4980.0,8,2022-04-13 22:17:04
468,rb2210,SHFE,0_0_      630753,空,开,4980.0,1,2022-04-13 22:17:05
469,rb2210,SHFE,0_0_      630753,空,开,4980.0,1,2022-04-13 22:17:05
470,rb2210,SHFE,0_0_      630753,空,开,4980.0,1,2022-04-13 22:17:05
471,rb2210,SHFE,0_0_      630753,空,开,4980.0,1,2022-04-13 22:17:05
472,rb2210,SHFE,0_0_      630753,空,开,4980.0,1,2022-04-13 22:17:06
473,rb2210,SHFE,0_0_      642776,多,平今,4980.0,1,2022-04-13 22:18:53
474,rb2210,SHFE,0_0_      642776,多,平今,4980.0,1,2022-04-13 22:18:54
475,rb2210,SHFE,0_0_      643052,多,平今,4980.000000000001,1,2022-04-13 22:18:58
476,rb2210,SHFE,0_0_      643533,多,平今,4980.0,2,2022-04-13 22:19:05
477,rb2210,SHFE,0_0_      645394,空,开,4981.0,4,2022-04-13 22:19:27
478,rb2210,SHFE,0_0_      645512,多,平今,4981.0,1,2022-04-13 22:19:31
479,rb2210,SHFE,0_0_      648458,多,平今,4982.0,2,2022-04-13 22:20:38
480,rb2210,SHFE,0_0_      624999,多,开,4975.0,2,2022-04-13 22:21:28
481,rb2210,SHFE,0_0_      624999,多,开,4975.0,1,2022-04-13 22:21:28
482,rb2210,SHFE,0_0_      624999,多,开,4975.0,1,2022-04-13 22:21:28
483,rb2210,SHFE,0_0_      624999,多,开,4975.0,1,2022-04-13 22:21:29
484,rb2210,SHFE,0_0_      658174,空,平今,4976.0,2,2022-04-13 22:21:34
485,rb2210,SHFE,0_0_      658213,多,开,4975.0,2,2022-04-13 22:22:33
486,rb2210,SHFE,0_0_      666042,多,平今,4975.0,1,2022-04-13 22:22:38
487,rb2210,SHFE,0_0_      666875,空,平今,4976.0,3,2022-04-13 22:23:02
488,rb2210,SHFE,0_0_      677290,空,平今,4981.0,3,2022-04-13 22:25:17
489,rb2210,SHFE,0_0_      683696,空,开,4979.0,1,2022-04-13 22:26:27
490,rb2210,SHFE,0_0_      687157,空,开,4979.0,1,2022-04-13 22:27:01
491,rb2210,SHFE,0_0_      654656,空,开,4982.0,1,2022-04-13 22:27:17
492,rb2210,SHFE,0_0_      654656,空,开,4982.0,1,2022-04-13 22:27:17
493,rb2210,SHFE,0_0_      654656,空,开,4982.0,1,2022-04-13 22:27:18
494,rb2210,SHFE,0_0_      654656,空,开,4982.0,1,2022-04-13 22:27:19
495,rb2210,SHFE,0_0_      652869,空,平今,4983.0,1,2022-04-13 22:27:23
496,rb2210,SHFE,0_0_      652869,空,平今,4983.0,1,2022-04-13 22:27:23
497,rb2210,SHFE,0_0_      689552,多,平今,4981.0,1,2022-04-13 22:27:34
498,rb2210,SHFE,0_0_      691393,空,开,4982.0,1,2022-04-13 22:27:43
499,rb2210,SHFE,0_0_      691799,多,平今,4981.0,1,2022-04-13 22:27:44
500,rb2210,SHFE,0_0_      667973,多,开,4975.0,3,2022-04-13 22:28:26
501,rb2210,SHFE,0_0_      696641,空,平今,4976.0,3,2022-04-13 22:28:30
502,rb2210,SHFE,0_0_      696172,空,开,4977.0,1,2022-04-13 22:28:37
503,rb2210,SHFE,0_0_      697341,多,平今,4976.0,1,2022-04-13 22:28:37
504,rb2210,SHFE,0_0_      703017,多,平今,4976.0,2,2022-04-13 22:30:00
505,rb2210,SHFE,0_0_      711443,空,开,4966.0,1,2022-04-13 22:30:34
506,rb2210,SHFE,0_0_      712309,空,开,4966.0,1,2022-04-13 22:30:40
507,rb2210,SHFE,0_0_      712567,多,平今,4966.0,4,2022-04-13 22:30:41
508,rb2210,SHFE,0_0_      714213,多,开,4968.0,4,2022-04-13 22:31:01
509,rb2210,SHFE,0_0_      716553,空,平今,4968.0,4,2022-04-13 22:31:02
510,rb2210,SHFE,0_0_      719008,空,开,4969.0,1,2022-04-13 22:31:22
511,rb2210,SHFE,0_0_      743525,空,开,4977.0,3,2022-04-13 22:33:59
512,rb2210,SHFE,0_0_      743525,空,开,4977.0,1,2022-04-13 22:33:59
513,rb2210,SHFE,0_0_      751328,多,开,4977.0,1,2022-04-13 22:34:50
514,rb2210,SHFE,0_0_      751328,多,开,4977.0,2,2022-04-13 22:34:50
515,rb2210,SHFE,0_0_      751328,多,开,4977.0,2,2022-04-13 22:34:50
516,rb2210,SHFE,0_0_      751328,多,开,4977.0,1,2022-04-13 22:34:50
517,rb2210,SHFE,0_0_      751328,多,开,4977.0,1,2022-04-13 22:34:50
518,rb2210,SHFE,0_0_      751328,多,开,4977.0,1,2022-04-13 22:34:50
519,rb2210,SHFE,0_0_      751710,空,平今,4977.0,1,2022-04-13 22:34:52
520,rb2210,SHFE,0_0_      751963,空,平今,4977.0,4,2022-04-13 22:35:03
521,rb2210,SHFE,0_0_      753461,多,平今,4977.0,1,2022-04-13 22:35:04
522,rb2210,SHFE,0_0_      753461,多,平今,4977.0,3,2022-04-13 22:35:05
523,rb2210,SHFE,0_0_      769759,空,平今,4982.0,1,2022-04-13 22:36:44
524,rb2210,SHFE,0_0_      770076,多,开,4981.0,1,2022-04-13 22:36:45
525,rb2210,SHFE,0_0_      770076,多,开,4981.0,1,2022-04-13 22:36:45
526,rb2210,SHFE,0_0_      771336,空,平今,4982.000000000001,1,2022-04-13 22:36:57
527,rb2210,SHFE,0_0_      771336,空,平今,4982.0,1,2022-04-13 22:36:57
528,rb2210,SHFE,0_0_      771864,空,平今,4982.0,1,2022-04-13 22:37:00
529,rb2210,SHFE,0_0_      772366,空,开,4982.0,4,2022-04-13 22:37:03
530,rb2210,SHFE,0_0_      772538,多,开,4981.0,5,2022-04-13 22:37:03
531,rb2210,SHFE,0_0_      754459,多,平今,4979.0,2,2022-04-13 22:37:16
532,rb2210,SHFE,0_0_      774043,空,平今,4980.0,1,2022-04-13 22:37:24
533,rb2210,SHFE,0_0_      772570,空,平今,4982.0,3,2022-04-13 22:37:32
534,rb2210,SHFE,0_0_      777160,多,开,4983.0,2,2022-04-13 22:37:41
535,rb2210,SHFE,0_0_      777284,多,开,4983.0,3,2022-04-13 22:37:42
536,rb2210,SHFE,0_0_      778844,空,平今,4982.0,1,2022-04-13 22:37:59
537,rb2210,SHFE,0_0_      779632,多,平今,4983.0,3,2022-04-13 22:38:02
538,rb2210,SHFE,0_0_      782884,空,开,4981.0,3,2022-04-13 22:38:24
539,rb2210,SHFE,0_0_      782884,空,开,4981.0,1,2022-04-13 22:38:24
540,rb2210,SHFE,0_0_      782992,空,开,4981.0,1,2022-04-13 22:38:26
541,rb2210,SHFE,0_0_      782992,空,开,4981.0,1,2022-04-13 22:38:26
542,rb2210,SHFE,0_0_      782992,空,开,4981.0,1,2022-04-13 22:38:26
543,rb2210,SHFE,0_0_      783208,空,平今,4981.0,1,2022-04-13 22:38:27
544,rb2210,SHFE,0_0_      786134,多,平今,4981.0,2,2022-04-13 22:38:59
545,rb2210,SHFE,0_0_      795868,多,平今,4982.0,2,2022-04-13 22:40:14
546,rb2210,SHFE,0_0_      832375,空,平今,4981.0,1,2022-04-13 22:46:07
547,rb2210,SHFE,0_0_      796117,空,开,4983.0,1,2022-04-13 22:46:14
548,rb2210,SHFE,0_0_      796117,空,开,4983.0,1,2022-04-13 22:46:14
549,rb2210,SHFE,0_0_      796117,空,开,4983.0,1,2022-04-13 22:46:15
550,rb2210,SHFE,0_0_      796117,空,开,4983.0,1,2022-04-13 22:46:15
551,rb2210,SHFE,0_0_      834163,多,平今,4981.0,2,2022-04-13 22:46:24
552,rb2210,SHFE,0_0_      854425,多,平今,4979.0,1,2022-04-13 22:49:32
553,rb2210,SHFE,0_0_      867747,多,平今,4976.0,1,2022-04-13 22:51:31
554,rb2210,SHFE,0_0_      875026,空,平今,4975.0,2,2022-04-13 22:52:40
555,rb2210,SHFE,0_0_      875026,空,平今,4975.0,1,2022-04-13 22:52:40
556,rb2210,SHFE,0_0_      875026,空,平今,4975.0,1,2022-04-13 22:52:41
557,rb2210,SHFE,0_0_      882004,空,开,4972.0,1,2022-04-13 22:53:36
558,rb2210,SHFE,0_0_      882004,空,开,4972.0,1,2022-04-13 22:53:41
559,rb2210,SHFE,0_0_      882004,空,开,4972.0,2,2022-04-13 22:53:42
560,rb2210,SHFE,0_0_      884426,多,平今,4969.0,3,2022-04-13 22:53:54
561,rb2210,SHFE,0_0_      884576,空,开,4970.0,1,2022-04-13 22:53:57
562,rb2210,SHFE,0_0_      884576,空,开,4970.0,1,2022-04-13 22:53:57
563,rb2210,SHFE,0_0_      884952,多,平今,4969.0,2,2022-04-13 22:54:00
564,rb2210,SHFE,0_0_      888318,多,开,4971.0,2,2022-04-13 22:54:26
565,rb2210,SHFE,0_0_      889901,空,平今,4970.0,1,2022-04-13 22:54:48
566,rb2210,SHFE,0_0_      891843,多,平今,4969.0,1,2022-04-13 22:54:58
567,rb2210,SHFE,0_0_      892085,空,平今,4970.0,1,2022-04-13 22:55:09
568,rb2210,SHFE,0_0_      893058,多,平今,4969.0,1,2022-04-13 22:55:13
569,rb2210,SHFE,0_0_      893624,空,开,4970.0,2,2022-04-13 22:55:16
570,rb2210,SHFE,0_0_      895567,多,平今,4970.0,2,2022-04-13 22:55:45
571,rb2210,SHFE,0_0_      895580,空,开,4971.0,2,2022-04-13 22:56:39
572,rb2210,SHFE,0_0_      907712,多,平今,4968.0,1,2022-04-13 22:57:36
573,rb2210,SHFE,0_0_      909942,空,开,4968.0,1,2022-04-13 22:57:57
574,rb2210,SHFE,0_0_      909942,空,开,4968.0,1,2022-04-13 22:57:57
575,rb2210,SHFE,0_0_      909942,空,开,4968.0,2,2022-04-13 22:57:57
576,rb2210,SHFE,0_0_     1124916,多,平今,4974.0,4,2022-04-14 09:00:14
577,rb2210,SHFE,0_0_     1125744,多,开,4983.000000000001,5,2022-04-14 09:00:24
578,rb2210,SHFE,0_0_     1126344,多,平今,4979.0,4,2022-04-14 09:00:36
579,rb2210,SHFE,0_0_     1126806,空,开,4981.0,8,2022-04-14 09:00:49
580,rb2210,SHFE,0_0_     1126976,多,平今,4981.0,3,2022-04-14 09:00:56
581,rb2210,SHFE,0_0_     1127096,多,平今,4981.0,4,2022-04-14 09:00:58
582,rb2210,SHFE,0_0_     1127448,多,开,4984.0,1,2022-04-14 09:01:07
583,rb2210,SHFE,0_0_     1127448,多,开,4984.0,1,2022-04-14 09:01:07
584,rb2210,SHFE,0_0_     1127665,空,平今,4984.0,2,2022-04-14 09:01:13
585,rb2210,SHFE,0_0_     1127740,多,开,4983.0,1,2022-04-14 09:01:15
586,rb2210,SHFE,0_0_     1127740,多,开,4983.0,1,2022-04-14 09:01:16
587,rb2210,SHFE,0_0_     1127740,多,开,4983.0,1,2022-04-14 09:01:17
588,rb2210,SHFE,0_0_     1128076,空,开,4981.0,4,2022-04-14 09:01:24
589,rb2210,SHFE,0_0_     1127989,空,平今,4982.0,7,2022-04-14 09:01:25
590,rb2210,SHFE,0_0_     1128787,多,平今,4983.0,3,2022-04-14 09:01:44
591,rb2210,SHFE,0_0_     1129226,空,开,4980.0,2,2022-04-14 09:01:56
592,rb2210,SHFE,0_0_     1129226,空,开,4980.0,4,2022-04-14 09:01:56
593,rb2210,SHFE,0_0_     1130677,多,平今,4981.0,3,2022-04-14 09:02:53
594,rb2210,SHFE,0_0_     1131840,空,平今,4982.0,1,2022-04-14 09:02:59
595,rb2210,SHFE,0_0_     1132149,多,平今,4981.000000000001,2,2022-04-14 09:03:03
596,rb2210,SHFE,0_0_     1134835,多,开,4974.000000000001,1,2022-04-14 09:03:45
597,rb2210,SHFE,0_0_     1134835,多,开,4974.000000000001,3,2022-04-14 09:03:46
598,rb2210,SHFE,0_0_     1138777,空,平今,4968.0,2,2022-04-14 09:04:36
599,rb2210,SHFE,0_0_     1138940,空,开,4967.0,4,2022-04-14 09:04:41
600,rb2210,SHFE,0_0_     1139169,多,平今,4966.0,4,2022-04-14 09:04:42
601,rb2210,SHFE,0_0_     1139205,空,开,4967.0,1,2022-04-14 09:04:42
602,rb2210,SHFE,0_0_     1139205,空,开,4967.0,1,2022-04-14 09:04:42
603,rb2210,SHFE,0_0_     1139205,空,开,4967.0,1,2022-04-14 09:04:42
604,rb2210,SHFE,0_0_     1139205,空,开,4967.0,1,2022-04-14 09:04:42
605,rb2210,SHFE,0_0_     1139243,多,平今,4966.0,3,2022-04-14 09:04:42
606,rb2210,SHFE,0_0_     1139270,空,开,4967.0,3,2022-04-14 09:04:43
607,rb2210,SHFE,0_0_     1139558,多,平今,4963.0,3,2022-04-14 09:04:47
608,rb2210,SHFE,0_0_     1139613,空,开,4964.0,3,2022-04-14 09:04:47
609,rb2210,SHFE,0_0_     1139614,多,平今,4963.0,3,2022-04-14 09:04:47
610,rb2210,SHFE,0_0_     1139615,空,开,4964.0,2,2022-04-14 09:04:48
611,rb2210,SHFE,0_0_     1139615,空,开,4964.0,1,2022-04-14 09:04:48
612,rb2210,SHFE,0_0_     1140192,多,平今,4968.0,4,2022-04-14 09:04:56
613,rb2210,SHFE,0_0_     1148043,空,平今,4973.0,1,2022-04-14 09:06:01
614,rb2210,SHFE,0_0_     1149293,多,平今,4973.0,1,2022-04-14 09:06:13
615,rb2210,SHFE,0_0_     1149969,空,平今,4974.0,1,2022-04-14 09:06:17
616,rb2210,SHFE,0_0_     1156941,空,开,4974.0,3,2022-04-14 09:07:16
617,rb2210,SHFE,0_0_     1160993,空,开,4973.0,3,2022-04-14 09:07:43
618,rb2210,SHFE,0_0_     1170794,多,平今,4967.0,3,2022-04-14 09:08:53
619,rb2210,SHFE,0_0_     1171142,空,开,4968.0,3,2022-04-14 09:09:14
620,rb2210,SHFE,0_0_     1173479,多,平今,4967.0,1,2022-04-14 09:09:15
621,rb2210,SHFE,0_0_     1173479,多,平今,4967.0,1,2022-04-14 09:09:15
622,rb2210,SHFE,0_0_     1173479,多,平今,4967.0,1,2022-04-14 09:09:15
623,rb2210,SHFE,0_0_     1179610,空,开,4966.0,1,2022-04-14 09:10:06
624,rb2210,SHFE,0_0_     1183827,多,平今,4962.0,4,2022-04-14 09:10:38
625,rb2210,SHFE,0_0_     1183840,空,开,4963.0,4,2022-04-14 09:10:39
626,rb2210,SHFE,0_0_     1183898,多,平今,4962.0,4,2022-04-14 09:10:39
627,rb2210,SHFE,0_0_     1183952,空,开,4963.0,1,2022-04-14 09:10:39
628,rb2210,SHFE,0_0_     1184916,空,开,4959.0,1,2022-04-14 09:10:47
629,rb2210,SHFE,0_0_     1185029,多,平今,4959.0,4,2022-04-14 09:10:50
630,rb2210,SHFE,0_0_     1183952,空,开,4963.0,1,2022-04-14 09:12:08
631,rb2210,SHFE,0_0_     1183952,空,开,4963.0,1,2022-04-14 09:12:08
632,rb2210,SHFE,0_0_     1183952,空,开,4963.0,1,2022-04-14 09:12:08
633,rb2210,SHFE,0_0_     1197343,多,开,4964.000000000001,4,2022-04-14 09:12:12
634,rb2210,SHFE,0_0_     1196480,多,平今,4962.0,3,2022-04-14 09:12:24
635,rb2210,SHFE,0_0_     1198996,空,开,4962.0,4,2022-04-14 09:12:25
636,rb2210,SHFE,0_0_     1199025,空,开,4962.0,2,2022-04-14 09:12:26
637,rb2210,SHFE,0_0_     1200986,多,平今,4961.0,1,2022-04-14 09:12:48
638,rb2210,SHFE,0_0_     1203721,多,平今,4962.0,1,2022-04-14 09:13:09
639,rb2210,SHFE,0_0_     1204743,多,平今,4962.0,3,2022-04-14 09:13:21
640,rb2210,SHFE,0_0_     1205394,空,平今,4963.0,1,2022-04-14 09:13:23
641,rb2210,SHFE,0_0_     1198654,空,平今,4964.0,1,2022-04-14 09:13:28
642,rb2210,SHFE,0_0_     1198654,空,平今,4964.0,2,2022-04-14 09:13:29
643,rb2210,SHFE,0_0_     1208241,空,开,4961.0,7,2022-04-14 09:14:10
644,rb2210,SHFE,0_0_     1209791,多,平今,4961.0,4,2022-04-14 09:14:12
645,rb2210,SHFE,0_0_     1210034,多,平今,4961.0,1,2022-04-14 09:14:20
646,rb2210,SHFE,0_0_     1211233,多,开,4961.0,4,2022-04-14 09:14:22
647,rb2210,SHFE,0_0_     1214407,空,平今,4960.0,2,2022-04-14 09:14:42
648,rb2210,SHFE,0_0_     1218197,多,平今,4963.0,2,2022-04-14 09:15:10
649,rb2210,SHFE,0_0_     1237819,多,开,4968.0,5,2022-04-14 09:17:32
650,rb2210,SHFE,0_0_     1237819,多,开,4968.0,1,2022-04-14 09:17:32
651,rb2210,SHFE,0_0_     1238712,空,平今,4968.0,2,2022-04-14 09:17:35
652,rb2210,SHFE,0_0_     1239111,空,平今,4968.0,2,2022-04-14 09:17:40
653,rb2210,SHFE,0_0_     1258838,空,平今,4967.0,1,2022-04-14 09:20:53
654,rb2210,SHFE,0_0_     1259764,多,开,4966.0,2,2022-04-14 09:20:56
655,rb2210,SHFE,0_0_     1265046,空,平今,4967.0,1,2022-04-14 09:21:49
656,rb2210,SHFE,0_0_     1248631,空,平今,4973.0,1,2022-04-14 09:22:08
657,rb2210,SHFE,0_0_     1268189,多,平今,4972.0,1,2022-04-14 09:22:12
658,rb2210,SHFE,0_0_     1268632,空,平今,4973.0,1,2022-04-14 09:22:12
659,rb2210,SHFE,0_0_     1268638,多,开,4972.0,1,2022-04-14 09:22:12
660,rb2210,SHFE,0_0_     1268642,空,平今,4973.0,1,2022-04-14 09:22:12
661,rb2210,SHFE,0_0_     1268674,多,开,4972.0,1,2022-04-14 09:22:14
662,rb2210,SHFE,0_0_     1268887,多,开,4972.0,2,2022-04-14 09:22:16
663,rb2210,SHFE,0_0_     1269041,空,平今,4973.0,2,2022-04-14 09:22:18
664,rb2210,SHFE,0_0_     1269224,多,开,4972.0,1,2022-04-14 09:22:20
665,rb2210,SHFE,0_0_     1269224,多,开,4972.0,1,2022-04-14 09:22:20
666,rb2210,SHFE,0_0_     1269350,空,平今,4973.0,2,2022-04-14 09:22:20
667,rb2210,SHFE,0_0_     1269680,多,开,4973.0,2,2022-04-14 09:22:23
668,rb2210,SHFE,0_0_     1271289,空,平今,4975.0,4,2022-04-14 09:22:36
669,rb2210,SHFE,0_0_     1271319,多,开,4974.0,3,2022-04-14 09:22:57
670,rb2210,SHFE,0_0_     1271319,多,开,4974.0,1,2022-04-14 09:22:57
671,rb2210,SHFE,0_0_     1275843,空,开,4973.0,1,2022-04-14 09:23:14
672,rb2210,SHFE,0_0_     1276378,空,开,4972.0,3,2022-04-14 09:23:18
673,rb2210,SHFE,0_0_     1283845,多,平今,4970.0,1,2022-04-14 09:24:47
674,rb2210,SHFE,0_0_     1283845,多,平今,4970.0,1,2022-04-14 09:24:47
675,rb2210,SHFE,0_0_     1283845,多,平今,4970.0,1,2022-04-14 09:24:47
676,rb2210,SHFE,0_0_     1296132,多,平今,4967.0,1,2022-04-14 09:26:43
677,rb2210,SHFE,0_0_     1303731,空,平今,4969.0,2,2022-04-14 09:27:44
678,rb2210,SHFE,0_0_     1309451,多,开,4962.0,2,2022-04-14 09:28:40
679,rb2210,SHFE,0_0_     1309571,空,平今,4963.0,2,2022-04-14 09:28:41
680,rb2210,SHFE,0_0_     1309611,多,开,4962.0,1,2022-04-14 09:28:42
681,rb2210,SHFE,0_0_     1309611,多,开,4962.0,1,2022-04-14 09:28:42
682,rb2210,SHFE,0_0_     1309611,多,开,4962.0,1,2022-04-14 09:28:42
683,rb2210,SHFE,0_0_     1309676,空,平今,4963.0,1,2022-04-14 09:28:44
684,rb2210,SHFE,0_0_     1309820,多,开,4962.0,1,2022-04-14 09:29:02
685,rb2210,SHFE,0_0_     1311710,空,平今,4963.0,1,2022-04-14 09:29:04
686,rb2210,SHFE,0_0_     1312217,空,平今,4963.0,1,2022-04-14 09:29:17
687,rb2210,SHFE,0_0_     1314615,多,开,4963.0,4,2022-04-14 09:29:26
688,rb2210,SHFE,0_0_     1314865,空,平今,4964.0,4,2022-04-14 09:29:34
689,rb2210,SHFE,0_0_     1315605,多,开,4963.0,2,2022-04-14 09:29:34
690,rb2210,SHFE,0_0_     1315729,多,开,4963.0,1,2022-04-14 09:29:35
691,rb2210,SHFE,0_0_     1315850,空,平今,4963.0,4,2022-04-14 09:29:37
692,rb2210,SHFE,0_0_     1318560,多,开,4963.0,3,2022-04-14 09:30:02
693,rb2210,SHFE,0_0_     1318568,空,平今,4964.0,3,2022-04-14 09:30:03
694,rb2210,SHFE,0_0_     1318696,多,开,4963.0,1,2022-04-14 09:30:06
695,rb2210,SHFE,0_0_     1318696,多,开,4963.0,1,2022-04-14 09:30:07
696,rb2210,SHFE,0_0_     1318696,多,开,4963.0,1,2022-04-14 09:30:07
697,rb2210,SHFE,0_0_     1319636,空,平今,4964.0,1,2022-04-14 09:30:34
698,rb2210,SHFE,0_0_     1319636,空,平今,4964.0,1,2022-04-14 09:30:35
699,rb2210,SHFE,0_0_     1319636,空,平今,4964.0,1,2022-04-14 09:30:35
700,rb2210,SHFE,0_0_     1319636,空,平今,4964.0,1,2022-04-14 09:30:35
701,rb2210,SHFE,0_0_     1323266,多,开,4963.0,3,2022-04-14 09:30:42
702,rb2210,SHFE,0_0_     1326393,空,平今,4960.0,2,2022-04-14 09:31:07
703,rb2210,SHFE,0_0_     1328093,多,开,4959.0,4,2022-04-14 09:31:10
704,rb2210,SHFE,0_0_     1329329,空,平今,4957.0,1,2022-04-14 09:31:25
705,rb2210,SHFE,0_0_     1329329,空,平今,4957.0,1,2022-04-14 09:31:25
706,rb2210,SHFE,0_0_     1332933,多,开,4957.0,3,2022-04-14 09:31:50
707,rb2210,SHFE,0_0_     1333708,空,平今,4956.0,2,2022-04-14 09:31:59
708,rb2210,SHFE,0_0_     1335050,空,平今,4957.0,1,2022-04-14 09:32:22
709,rb2210,SHFE,0_0_     1335050,空,平今,4957.0,2,2022-04-14 09:32:22
710,rb2210,SHFE,0_0_     1335910,多,开,4956.0,1,2022-04-14 09:32:25
711,rb2210,SHFE,0_0_     1336461,多,开,4957.000000000001,1,2022-04-14 09:32:30
712,rb2210,SHFE,0_0_     1336944,空,平今,4957.0,2,2022-04-14 09:32:36
713,rb2210,SHFE,0_0_     1339061,多,开,4956.0,1,2022-04-14 09:32:59
714,rb2210,SHFE,0_0_     1344643,空,开,4952.0,5,2022-04-14 09:33:53
715,rb2210,SHFE,0_0_     1344643,空,开,4952.0,3,2022-04-14 09:33:53
716,rb2210,SHFE,0_0_     1345791,多,平今,4951.0,1,2022-04-14 09:33:55
717,rb2210,SHFE,0_0_     1345843,多,平今,4951.0,4,2022-04-14 09:33:56
718,rb2210,SHFE,0_0_     1346218,多,平今,4951.0,1,2022-04-14 09:34:05
719,rb2210,SHFE,0_0_     1346327,空,平今,4952.0,1,2022-04-14 09:34:06
720,rb2210,SHFE,0_0_     1346898,空,平今,4952.0,1,2022-04-14 09:34:09
721,rb2210,SHFE,0_0_     1347047,空,开,4952.0,3,2022-04-14 09:34:10
722,rb2210,SHFE,0_0_     1347431,多,平今,4950.0,1,2022-04-14 09:34:13
723,rb2210,SHFE,0_0_     1348257,空,开,4950.0,3,2022-04-14 09:34:17
724,rb2210,SHFE,0_0_     1348673,多,平今,4950.0,3,2022-04-14 09:34:19
725,rb2210,SHFE,0_0_     1349502,空,开,4947.0,4,2022-04-14 09:34:28
726,rb2210,SHFE,0_0_     1349721,多,平今,4946.0,4,2022-04-14 09:34:29
727,rb2210,SHFE,0_0_     1349917,空,开,4947.0,4,2022-04-14 09:34:30
728,rb2210,SHFE,0_0_     1349945,多,平今,4946.0,1,2022-04-14 09:34:30
729,rb2210,SHFE,0_0_     1349945,多,平今,4946.0,3,2022-04-14 09:34:30
730,rb2210,SHFE,0_0_     1349954,空,开,4947.0,4,2022-04-14 09:34:31
731,rb2210,SHFE,0_0_     1352960,多,平今,4949.0,4,2022-04-14 09:34:58
732,rb2210,SHFE,0_0_     1354007,空,开,4948.0,3,2022-04-14 09:35:06
733,rb2210,SHFE,0_0_     1354582,多,平今,4948.000000000001,2,2022-04-14 09:35:11
734,rb2210,SHFE,0_0_     1354963,多,开,4948.0,2,2022-04-14 09:35:12
735,rb2210,SHFE,0_0_     1354964,空,平今,4949.000000000001,2,2022-04-14 09:35:16
736,rb2210,SHFE,0_0_     1355457,多,开,4948.0,2,2022-04-14 09:35:18
737,rb2210,SHFE,0_0_     1355870,空,平今,4949.0,2,2022-04-14 09:35:18
738,rb2210,SHFE,0_0_     1356727,空,开,4950.0,3,2022-04-14 09:35:24
739,rb2210,SHFE,0_0_     1355915,多,开,4948.0,6,2022-04-14 09:35:45
740,rb2210,SHFE,0_0_     1350092,多,平今,4946.0,4,2022-04-14 09:35:57
741,rb2210,SHFE,0_0_     1360368,空,平今,4947.0,4,2022-04-14 09:35:58
742,rb2210,SHFE,0_0_     1360439,多,平今,4946.0,1,2022-04-14 09:35:58
743,rb2210,SHFE,0_0_     1360439,多,平今,4946.0,1,2022-04-14 09:35:58
744,rb2210,SHFE,0_0_     1360439,多,平今,4946.0,2,2022-04-14 09:35:58
745,rb2210,SHFE,0_0_     1360843,空,开,4944.0,4,2022-04-14 09:36:03
746,rb2210,SHFE,0_0_     1363509,多,开,4950.0,1,2022-04-14 09:36:28
747,rb2210,SHFE,0_0_     1363509,多,开,4950.0,1,2022-04-14 09:36:28
748,rb2210,SHFE,0_0_     1375941,多,平今,4955.0,1,2022-04-14 09:38:43
749,rb2210,SHFE,0_0_     1375941,多,平今,4955.0,1,2022-04-14 09:38:43
750,rb2210,SHFE,0_0_     1376205,空,平今,4955.0,4,2022-04-14 09:38:50
751,rb2210,SHFE,0_0_     1376508,多,开,4954.0,4,2022-04-14 09:38:50
752,rb2210,SHFE,0_0_     1378294,空,开,4950.0,3,2022-04-14 09:39:09
753,rb2210,SHFE,0_0_     1376509,空,平今,4955.0,4,2022-04-14 09:40:16
754,rb2210,SHFE,0_0_     1385070,多,平今,4954.0,2,2022-04-14 09:40:16
755,rb2210,SHFE,0_0_     1385070,多,平今,4954.0,1,2022-04-14 09:40:16
756,rb2210,SHFE,0_0_     1385070,多,平今,4954.0,1,2022-04-14 09:40:16
757,rb2210,SHFE,0_0_     1385124,多,开,4955.0,1,2022-04-14 09:40:16
758,rb2210,SHFE,0_0_     1385124,多,开,4955.0,3,2022-04-14 09:40:17
759,rb2210,SHFE,0_0_     1384677,多,平今,4952.0,1,2022-04-14 09:40:33
760,rb2210,SHFE,0_0_     1386877,空,开,4953.0,4,2022-04-14 09:40:37
761,rb2210,SHFE,0_0_     1388220,空,平今,4953.0,1,2022-04-14 09:41:04
762,rb2210,SHFE,0_0_     1389941,多,平今,4952.0,1,2022-04-14 09:41:04
763,rb2210,SHFE,0_0_     1392848,空,开,4953.0,4,2022-04-14 09:41:30
764,rb2210,SHFE,0_0_     1393521,多,平今,4952.0,4,2022-04-14 09:41:37
765,rb2210,SHFE,0_0_     1395331,空,平今,4952.000000000001,1,2022-04-14 09:41:58
766,rb2210,SHFE,0_0_     1396499,空,平今,4952.0,1,2022-04-14 09:43:00
767,rb2210,SHFE,0_0_     1403091,多,开,4954.0,1,2022-04-14 09:43:20
768,rb2210,SHFE,0_0_     1403091,多,开,4954.0,2,2022-04-14 09:43:20
769,rb2210,SHFE,0_0_     1403091,多,开,4954.0,1,2022-04-14 09:43:20
770,rb2210,SHFE,0_0_     1405571,空,平今,4957.0,1,2022-04-14 09:43:52
771,rb2210,SHFE,0_0_     1405950,空,平今,4955.0,4,2022-04-14 09:43:57
772,rb2210,SHFE,0_0_     1410070,空,开,4953.0,4,2022-04-14 09:45:03
773,rb2210,SHFE,0_0_     1413614,多,开,4955.0,1,2022-04-14 09:45:19
774,rb2210,SHFE,0_0_     1413614,多,开,4955.0,1,2022-04-14 09:45:19
775,rb2210,SHFE,0_0_     1413614,多,开,4955.0,2,2022-04-14 09:45:19
776,rb2210,SHFE,0_0_     1413907,多,平今,4956.0,1,2022-04-14 09:45:21
777,rb2210,SHFE,0_0_     1414068,多,平今,4956.0,1,2022-04-14 09:45:24
778,rb2210,SHFE,0_0_     1414215,空,平今,4957.0,1,2022-04-14 09:45:41
779,rb2210,SHFE,0_0_     1414215,空,平今,4957.0,1,2022-04-14 09:45:41
780,rb2210,SHFE,0_0_     1414215,空,平今,4957.0,1,2022-04-14 09:45:42
781,rb2210,SHFE,0_0_     1416633,多,开,4955.0,1,2022-04-14 09:45:55
782,rb2210,SHFE,0_0_     1416908,空,平今,4956.0,1,2022-04-14 09:46:00
783,rb2210,SHFE,0_0_     1417423,多,开,4955.0,1,2022-04-14 09:46:00
784,rb2210,SHFE,0_0_     1420628,多,开,4953.0,1,2022-04-14 09:46:39
785,rb2210,SHFE,0_0_     1420628,多,开,4953.0,1,2022-04-14 09:46:39
786,rb2210,SHFE,0_0_     1420628,多,开,4953.0,1,2022-04-14 09:46:39
787,rb2210,SHFE,0_0_     1398613,多,平今,4949.0,1,2022-04-14 09:47:19
788,rb2210,SHFE,0_0_     1421090,空,平今,4954.0,4,2022-04-14 09:49:08
789,rb2210,SHFE,0_0_     1417591,空,平今,4956.0,1,2022-04-14 09:49:15
790,rb2210,SHFE,0_0_     1435048,多,开,4955.0,1,2022-04-14 09:49:19
791,rb2210,SHFE,0_0_     1435048,多,开,4955.0,1,2022-04-14 09:49:19
792,rb2210,SHFE,0_0_     1435048,多,开,4955.0,1,2022-04-14 09:49:19
793,rb2210,SHFE,0_0_     1435454,多,开,4957.0,1,2022-04-14 09:49:22
794,rb2210,SHFE,0_0_     1435454,多,开,4957.0,1,2022-04-14 09:49:22
795,rb2210,SHFE,0_0_     1436213,空,平今,4958.0,4,2022-04-14 09:49:30
796,rb2210,SHFE,0_0_     1436638,多,开,4957.0,1,2022-04-14 09:49:36
797,rb2210,SHFE,0_0_     1437215,空,平今,4958.0,1,2022-04-14 09:49:38
798,rb2210,SHFE,0_0_     1437437,多,开,4957.000000000001,1,2022-04-14 09:49:40
799,rb2210,SHFE,0_0_     1437557,空,平今,4958.0,1,2022-04-14 09:49:41
800,rb2210,SHFE,0_0_     1437771,多,开,4957.0,1,2022-04-14 09:49:42
801,rb2210,SHFE,0_0_     1437809,空,平今,4958.0,1,2022-04-14 09:49:44
802,rb2210,SHFE,0_0_     1440795,多,开,4956.0,2,2022-04-14 09:50:14
803,rb2210,SHFE,0_0_     1442396,多,开,4959.0,2,2022-04-14 09:50:21
804,rb2210,SHFE,0_0_     1434180,多,平今,4953.0,4,2022-04-14 09:51:19
805,rb2210,SHFE,0_0_     1449514,空,平今,4954.0,1,2022-04-14 09:51:19
806,rb2210,SHFE,0_0_     1449514,空,平今,4954.0,1,2022-04-14 09:51:19
807,rb2210,SHFE,0_0_     1449514,空,平今,4954.0,2,2022-04-14 09:51:19
808,rb2210,SHFE,0_0_     1451650,多,开,4954.0,1,2022-04-14 09:52:51
809,rb2210,SHFE,0_0_     1458111,空,平今,4955.0,1,2022-04-14 09:52:53
810,rb2210,SHFE,0_0_     1458355,多,开,4954.0,1,2022-04-14 09:52:53
811,rb2210,SHFE,0_0_     1449524,多,开,4953.0,4,2022-04-14 09:52:55
812,rb2210,SHFE,0_0_     1458475,空,平今,4955.0,1,2022-04-14 09:53:04
813,rb2210,SHFE,0_0_     1463115,空,平今,4959.0,3,2022-04-14 09:53:33
814,rb2210,SHFE,0_0_     1468234,空,平今,4960.0,2,2022-04-14 09:54:24
815,rb2210,SHFE,0_0_     1463240,多,开,4958.0,1,2022-04-14 09:54:51
816,rb2210,SHFE,0_0_     1463240,多,开,4958.0,1,2022-04-14 09:54:51
817,rb2210,SHFE,0_0_     1463240,多,开,4958.0,1,2022-04-14 09:54:51
818,rb2210,SHFE,0_0_     1471100,空,平今,4959.0,3,2022-04-14 09:54:54
819,rb2210,SHFE,0_0_     1481738,空,平今,4956.0,1,2022-04-14 09:56:37
820,rb2210,SHFE,0_0_     1459626,多,开,4954.0,1,2022-04-14 09:57:19
821,rb2210,SHFE,0_0_     1485168,空,平今,4955.0,1,2022-04-14 09:57:22
822,rb2210,SHFE,0_0_     1485387,空,开,4955.0,1,2022-04-14 09:57:28
823,rb2210,SHFE,0_0_     1485387,空,开,4955.0,1,2022-04-14 09:57:29
824,rb2210,SHFE,0_0_     1486497,多,平今,4954.0,1,2022-04-14 09:57:40
825,rb2210,SHFE,0_0_     1486567,空,开,4955.0,2,2022-04-14 09:57:42
826,rb2210,SHFE,0_0_     1486914,多,开,4954.0,6,2022-04-14 09:57:48
827,rb2210,SHFE,0_0_     1484983,空,开,4956.0,4,2022-04-14 09:57:59
828,rb2210,SHFE,0_0_     1488610,多,平今,4955.0,5,2022-04-14 09:57:59
829,rb2210,SHFE,0_0_     1489486,空,开,4953.0,4,2022-04-14 09:58:17
830,rb2210,SHFE,0_0_     1491314,多,平今,4952.0,3,2022-04-14 09:58:29
831,rb2210,SHFE,0_0_     1491739,空,开,4953.0,4,2022-04-14 09:58:32
832,rb2210,SHFE,0_0_     1491962,多,平今,4952.0,2,2022-04-14 09:59:04
833,rb2210,SHFE,0_0_     1495768,空,开,4951.0,2,2022-04-14 09:59:30
834,rb2210,SHFE,0_0_     1499549,多,平今,4951.0,1,2022-04-14 09:59:50
835,rb2210,SHFE,0_0_     1499549,多,平今,4951.0,6,2022-04-14 09:59:50
836,rb2210,SHFE,0_0_     1495151,空,平今,4952.0,1,2022-04-14 09:59:55
837,rb2210,SHFE,0_0_     1500712,空,开,4951.0,1,2022-04-14 09:59:58
838,rb2210,SHFE,0_0_     1500712,空,开,4951.0,3,2022-04-14 09:59:58
839,rb2210,SHFE,0_0_     1501409,空,平今,4950.0,1,2022-04-14 10:00:02
840,rb2210,SHFE,0_0_     1500947,空,开,4951.0,2,2022-04-14 10:00:06
841,rb2210,SHFE,0_0_     1502289,多,平今,4952.0,4,2022-04-14 10:00:33
842,rb2210,SHFE,0_0_     1506528,空,开,4953.0,1,2022-04-14 10:01:48
843,rb2210,SHFE,0_0_     1506528,空,开,4953.0,1,2022-04-14 10:01:48
844,rb2210,SHFE,0_0_     1506528,空,开,4953.0,1,2022-04-14 10:01:49
845,rb2210,SHFE,0_0_     1506528,空,开,4953.0,1,2022-04-14 10:01:50
846,rb2210,SHFE,0_0_     1514439,多,平今,4953.0,4,2022-04-14 10:01:52
847,rb2210,SHFE,0_0_     1488636,空,平今,4956.0,5,2022-04-14 10:03:38
848,rb2210,SHFE,0_0_     1524085,多,开,4955.0,1,2022-04-14 10:03:47
849,rb2210,SHFE,0_0_     1524085,多,开,4955.0,1,2022-04-14 10:03:47
850,rb2210,SHFE,0_0_     1524085,多,开,4955.0,1,2022-04-14 10:03:47
851,rb2210,SHFE,0_0_     1524085,多,开,4955.0,1,2022-04-14 10:03:48
852,rb2210,SHFE,0_0_     1524085,多,开,4955.0,1,2022-04-14 10:03:48
853,rb2210,SHFE,0_0_     1525534,空,开,4953.0,4,2022-04-14 10:03:52
854,rb2210,SHFE,0_0_     1525534,空,开,4953.0,1,2022-04-14 10:03:52
855,rb2210,SHFE,0_0_     1525723,多,平今,4953.0,1,2022-04-14 10:04:00
856,rb2210,SHFE,0_0_     1529133,多,平今,4951.0,2,2022-04-14 10:04:34
857,rb2210,SHFE,0_0_     1529629,空,平今,4952.0,2,2022-04-14 10:04:41
858,rb2210,SHFE,0_0_     1530470,多,平今,4951.0,2,2022-04-14 10:05:11
859,rb2210,SHFE,0_0_     1534002,空,开,4951.0,4,2022-04-14 10:05:14
860,rb2210,SHFE,0_0_     1535248,空,平今,4952.0,1,2022-04-14 10:05:20
861,rb2210,SHFE,0_0_     1536287,多,开,4955.0,6,2022-04-14 10:05:26
862,rb2210,SHFE,0_0_     1538726,空,平今,4954.0,1,2022-04-14 10:05:55
863,rb2210,SHFE,0_0_     1539831,空,平今,4954.0,4,2022-04-14 10:06:22
864,rb2210,SHFE,0_0_     1524975,空,平今,4956.0,1,2022-04-14 10:06:25
865,rb2210,SHFE,0_0_     1524975,空,平今,4956.0,1,2022-04-14 10:06:26
866,rb2210,SHFE,0_0_     1543275,多,开,4958.0,2,2022-04-14 10:06:36
867,rb2210,SHFE,0_0_     1543275,多,开,4958.0,2,2022-04-14 10:06:36
868,rb2210,SHFE,0_0_     1543400,空,平今,4959.0,4,2022-04-14 10:06:36
869,rb2210,SHFE,0_0_     1543510,多,开,4958.0,1,2022-04-14 10:06:37
870,rb2210,SHFE,0_0_     1543677,空,平今,4959.0,1,2022-04-14 10:06:45
871,rb2210,SHFE,0_0_     1544181,多,开,4958.0,1,2022-04-14 10:06:56
872,rb2210,SHFE,0_0_     1545267,空,平今,4959.0,1,2022-04-14 10:06:56
873,rb2210,SHFE,0_0_     1549571,多,平今,4964.0,2,2022-04-14 10:07:40
874,rb2210,SHFE,0_0_     1549949,多,平今,4965.0,1,2022-04-14 10:07:42
875,rb2210,SHFE,0_0_     1549949,多,平今,4965.0,1,2022-04-14 10:07:43
876,rb2210,SHFE,0_0_     1550001,空,开,4966.0,3,2022-04-14 10:07:44
877,rb2210,SHFE,0_0_     1550401,多,平今,4966.0,1,2022-04-14 10:07:49
878,rb2210,SHFE,0_0_     1550158,多,平今,4965.0,2,2022-04-14 10:07:53
879,rb2210,SHFE,0_0_     1551309,多,平今,4965.0,2,2022-04-14 10:07:55
880,rb2210,SHFE,0_0_     1551327,空,开,4966.0,2,2022-04-14 10:08:21
881,rb2210,SHFE,0_0_     1555096,多,平今,4966.0,2,2022-04-14 10:08:24
882,rb2210,SHFE,0_0_     1555926,空,开,4967.0,2,2022-04-14 10:08:28
883,rb2210,SHFE,0_0_     1555982,多,平今,4966.0,2,2022-04-14 10:08:34
884,rb2210,SHFE,0_0_     1556746,空,开,4967.0,2,2022-04-14 10:08:34
885,rb2210,SHFE,0_0_     1555827,空,平今,4968.0,1,2022-04-14 10:08:40
886,rb2210,SHFE,0_0_     1557483,多,开,4967.0,1,2022-04-14 10:08:42
887,rb2210,SHFE,0_0_     1556747,多,平今,4966.0,2,2022-04-14 10:08:44
888,rb2210,SHFE,0_0_     1557760,空,开,4967.0,5,2022-04-14 10:08:45
889,rb2210,SHFE,0_0_     1564915,多,平今,4966.0,1,2022-04-14 10:09:59
890,rb2210,SHFE,0_0_     1570320,空,平今,4965.0,1,2022-04-14 10:10:53
891,rb2210,SHFE,0_0_     1563388,多,平今,4963.0,4,2022-04-14 10:11:00
892,rb2210,SHFE,0_0_     1571255,空,开,4964.0,5,2022-04-14 10:11:22
893,rb2210,SHFE,0_0_     1572946,多,平今,4964.0,1,2022-04-14 10:11:26
894,rb2210,SHFE,0_0_     1573426,多,开,4966.0,1,2022-04-14 10:11:30
895,rb2210,SHFE,0_0_     1573273,多,平今,4965.0,1,2022-04-14 10:11:35
896,rb2210,SHFE,0_0_     1574951,多,平今,4965.0,3,2022-04-14 10:11:45
897,rb2210,SHFE,0_0_     1575127,空,开,4966.0,2,2022-04-14 10:11:46
898,rb2210,SHFE,0_0_     1575127,空,开,4966.0,1,2022-04-14 10:11:47
899,rb2210,SHFE,0_0_     1585979,多,平今,4964.0,3,2022-04-14 10:13:30
900,rb2210,SHFE,0_0_     1592053,多,开,4962.000000000001,1,2022-04-14 10:30:33
901,rb2210,SHFE,0_0_     1592605,空,平今,4963.0,1,2022-04-14 10:30:36
902,rb2210,SHFE,0_0_     1600092,空,开,4960.0,2,2022-04-14 10:32:57
903,rb2210,SHFE,0_0_     1600130,多,平今,4959.0,2,2022-04-14 10:32:57
904,rb2210,SHFE,0_0_     1600131,空,开,4960.0,1,2022-04-14 10:32:57
905,rb2210,SHFE,0_0_     1600131,空,开,4960.0,1,2022-04-14 10:32:57
906,rb2210,SHFE,0_0_     1600148,多,平今,4959.0,1,2022-04-14 10:32:58
907,rb2210,SHFE,0_0_     1609183,多,平今,4964.0,1,2022-04-14 10:34:50
908,rb2210,SHFE,0_0_     1609593,多,开,4964.0,1,2022-04-14 10:34:51
909,rb2210,SHFE,0_0_     1609593,多,开,4964.0,1,2022-04-14 10:34:51
910,rb2210,SHFE,0_0_     1605566,多,开,4961.0,4,2022-04-14 10:35:06
911,rb2210,SHFE,0_0_     1609929,空,平今,4965.0,3,2022-04-14 10:35:25
912,rb2210,SHFE,0_0_     1624996,多,开,4963.0,4,2022-04-14 10:37:02
913,rb2210,SHFE,0_0_     1635001,空,平今,4965.0,3,2022-04-14 10:38:12
914,rb2210,SHFE,0_0_     1636619,空,平今,4965.0,1,2022-04-14 10:38:25
915,rb2210,SHFE,0_0_     1640393,空,开,4965.0,5,2022-04-14 10:38:55
916,rb2210,SHFE,0_0_     1640393,空,开,4965.0,1,2022-04-14 10:38:55
917,rb2210,SHFE,0_0_     1642703,空,平今,4965.0,2,2022-04-14 10:39:32
918,rb2210,SHFE,0_0_     1645692,多,平今,4964.0,4,2022-04-14 10:39:38
919,rb2210,SHFE,0_0_     1646234,多,开,4964.0,4,2022-04-14 10:39:38
920,rb2210,SHFE,0_0_     1647415,空,平今,4962.0,4,2022-04-14 10:39:47
921,rb2210,SHFE,0_0_     1646875,空,平今,4964.0,1,2022-04-14 10:39:57
922,rb2210,SHFE,0_0_     1649038,多,平今,4963.0,1,2022-04-14 10:39:57
923,rb2210,SHFE,0_0_     1659611,空,平今,4961.0,1,2022-04-14 10:41:27
924,rb2210,SHFE,0_0_     1660150,空,开,4962.0,2,2022-04-14 10:42:06
925,rb2210,SHFE,0_0_     1664980,多,平今,4962.0,2,2022-04-14 10:42:14
926,rb2210,SHFE,0_0_     1666140,多,开,4962.0,1,2022-04-14 10:42:15
927,rb2210,SHFE,0_0_     1666140,多,开,4962.0,1,2022-04-14 10:42:15
928,rb2210,SHFE,0_0_     1666346,空,开,4962.0,1,2022-04-14 10:42:21
929,rb2210,SHFE,0_0_     1666346,空,开,4962.0,2,2022-04-14 10:42:22
930,rb2210,SHFE,0_0_     1667677,多,平今,4960.0,3,2022-04-14 10:42:27
931,rb2210,SHFE,0_0_     1672959,多,开,4956.0,2,2022-04-14 10:43:05
932,rb2210,SHFE,0_0_     1673047,多,平今,4956.0,1,2022-04-14 10:43:05
933,rb2210,SHFE,0_0_     1675823,空,平今,4957.0,1,2022-04-14 10:43:30
934,rb2210,SHFE,0_0_     1673688,多,开,4955.0,3,2022-04-14 10:43:38
935,rb2210,SHFE,0_0_     1673688,多,开,4955.0,1,2022-04-14 10:43:38
936,rb2210,SHFE,0_0_     1677440,空,平今,4955.0,3,2022-04-14 10:43:46
937,rb2210,SHFE,0_0_     1689028,空,平今,4956.0,1,2022-04-14 10:45:29
938,rb2210,SHFE,0_0_     1689028,空,平今,4956.0,3,2022-04-14 10:45:29
939,rb2210,SHFE,0_0_     1690385,空,开,4953.0,1,2022-04-14 10:45:41
940,rb2210,SHFE,0_0_     1690385,空,开,4953.0,3,2022-04-14 10:45:41
941,rb2210,SHFE,0_0_     1694651,多,开,4955.0,1,2022-04-14 10:46:14
942,rb2210,SHFE,0_0_     1694651,多,开,4955.0,1,2022-04-14 10:46:14
943,rb2210,SHFE,0_0_     1694651,多,开,4955.0,1,2022-04-14 10:46:14
944,rb2210,SHFE,0_0_     1694651,多,开,4955.0,1,2022-04-14 10:46:14
945,rb2210,SHFE,0_0_     1694651,多,开,4955.0,1,2022-04-14 10:46:14
946,rb2210,SHFE,0_0_     1694651,多,开,4955.0,1,2022-04-14 10:46:14
947,rb2210,SHFE,0_0_     1714628,空,开,4954.0,1,2022-04-14 10:49:24
948,rb2210,SHFE,0_0_     1714628,空,开,4954.0,3,2022-04-14 10:49:24
949,rb2210,SHFE,0_0_     1697451,空,平今,4955.000000000001,6,2022-04-14 10:49:32
950,rb2210,SHFE,0_0_     1715553,多,平今,4954.0,3,2022-04-14 10:49:33
951,rb2210,SHFE,0_0_     1715553,多,平今,4954.0,1,2022-04-14 10:49:33
952,rb2210,SHFE,0_0_     1735049,多,平今,4956.0,2,2022-04-14 10:53:13
953,rb2210,SHFE,0_0_     1737537,空,开,4958.0,1,2022-04-14 10:53:42
954,rb2210,SHFE,0_0_     1737586,多,开,4958.0,1,2022-04-14 10:53:43
955,rb2210,SHFE,0_0_     1737586,多,开,4958.0,1,2022-04-14 10:53:43
956,rb2210,SHFE,0_0_     1740801,多,平今,4962.0,1,2022-04-14 10:54:20
957,rb2210,SHFE,0_0_     1753343,多,开,4960.0,2,2022-04-14 10:56:21
958,rb2210,SHFE,0_0_     1753343,多,开,4960.0,1,2022-04-14 10:56:21
959,rb2210,SHFE,0_0_     1753343,多,开,4960.0,1,2022-04-14 10:56:21
960,rb2210,SHFE,0_0_     1748488,空,开,4963.0,3,2022-04-14 10:57:04
961,rb2210,SHFE,0_0_     1758821,多,平今,4962.0,1,2022-04-14 10:57:22
962,rb2210,SHFE,0_0_     1758821,多,平今,4962.0,2,2022-04-14 10:57:25
963,rb2210,SHFE,0_0_     1763378,空,平今,4966.0,2,2022-04-14 10:57:53
964,rb2210,SHFE,0_0_     1763378,空,平今,4966.0,2,2022-04-14 10:57:57
965,rb2210,SHFE,0_0_     1764997,空,开,4966.0,4,2022-04-14 10:58:07
966,rb2210,SHFE,0_0_     1768537,多,平今,4968.0,4,2022-04-14 10:58:58
967,rb2210,SHFE,0_0_     1769816,多,开,4969.0,4,2022-04-14 10:59:08
968,rb2210,SHFE,0_0_     1771305,空,平今,4972.0,4,2022-04-14 10:59:23
969,rb2210,SHFE,0_0_     1771461,多,开,4971.0,1,2022-04-14 10:59:35
970,rb2210,SHFE,0_0_     1771461,多,开,4971.0,3,2022-04-14 10:59:35
971,rb2210,SHFE,0_0_     1772619,空,平今,4972.0,4,2022-04-14 10:59:56
972,rb2210,SHFE,0_0_     1774996,多,开,4973.0,1,2022-04-14 11:00:04
973,rb2210,SHFE,0_0_     1775574,空,平今,4973.0,2,2022-04-14 11:00:07
974,rb2210,SHFE,0_0_     1775601,多,平今,4973.0,1,2022-04-14 11:00:08
975,rb2210,SHFE,0_0_     1775601,多,平今,4973.0,1,2022-04-14 11:00:08
976,rb2210,SHFE,0_0_     1775777,空,开,4973.0,1,2022-04-14 11:00:11
977,rb2210,SHFE,0_0_     1775777,空,开,4973.0,1,2022-04-14 11:00:11
978,rb2210,SHFE,0_0_     1776206,多,平今,4972.0,1,2022-04-14 11:00:13
979,rb2210,SHFE,0_0_     1787924,空,开,4969.0,1,2022-04-14 11:02:07
980,rb2210,SHFE,0_0_     1787924,空,开,4969.0,1,2022-04-14 11:02:08
981,rb2210,SHFE,0_0_     1787924,空,开,4969.0,1,2022-04-14 11:02:08
982,rb2210,SHFE,0_0_     1790248,空,开,4968.0,2,2022-04-14 11:02:38
983,rb2210,SHFE,0_0_     1790437,空,开,4968.0,1,2022-04-14 11:02:39
984,rb2210,SHFE,0_0_     1791190,多,平今,4968.0,1,2022-04-14 11:02:45
985,rb2210,SHFE,0_0_     1791190,多,平今,4968.0,2,2022-04-14 11:02:45
986,rb2210,SHFE,0_0_     1795756,多,开,4973.0,4,2022-04-14 11:03:37
987,rb2210,SHFE,0_0_     1795756,多,开,4973.0,2,2022-04-14 11:03:37
988,rb2210,SHFE,0_0_     1798854,多,开,4973.0,1,2022-04-14 11:04:14
989,rb2210,SHFE,0_0_     1799071,空,平今,4974.0,1,2022-04-14 11:04:15
990,rb2210,SHFE,0_0_     1799251,空,平今,4974.0,1,2022-04-14 11:04:18
991,rb2210,SHFE,0_0_     1799251,空,平今,4974.0,1,2022-04-14 11:04:18
992,rb2210,SHFE,0_0_     1799251,空,平今,4974.0,2,2022-04-14 11:04:18
993,rb2210,SHFE,0_0_     1799550,多,开,4973.0,4,2022-04-14 11:04:23
994,rb2210,SHFE,0_0_     1799822,空,平今,4973.0,1,2022-04-14 11:04:27
995,rb2210,SHFE,0_0_     1800511,空,平今,4973.0,1,2022-04-14 11:05:04
996,rb2210,SHFE,0_0_     1803915,多,开,4972.0,3,2022-04-14 11:05:15
997,rb2210,SHFE,0_0_     1806063,空,平今,4972.0,4,2022-04-14 11:05:28
998,rb2210,SHFE,0_0_     1791214,多,平今,4968.0,4,2022-04-14 11:06:12
999,rb2210,SHFE,0_0_     1817901,空,开,4965.0,1,2022-04-14 11:07:31
1000,rb2210,SHFE,0_0_     1818520,多,平今,4964.0,1,2022-04-14 11:07:38
1001,rb2210,SHFE,0_0_     1819911,多,开,4966.0,2,2022-04-14 11:08:07
1002,rb2210,SHFE,0_0_     1821209,空,开,4966.0,3,2022-04-14 11:08:08
1003,rb2210,SHFE,0_0_     1825490,空,平今,4963.0,1,2022-04-14 11:08:59
1004,rb2210,SHFE,0_0_     1826500,多,平今,4963.0,1,2022-04-14 11:09:36
1005,rb2210,SHFE,0_0_     1828524,空,平今,4964.000000000001,1,2022-04-14 11:09:40
1006,rb2210,SHFE,0_0_     1828707,多,平今,4963.0,2,2022-04-14 11:09:43
1007,rb2210,SHFE,0_0_     1830184,空,开,4964.0,1,2022-04-14 11:09:58
1008,rb2210,SHFE,0_0_     1837507,空,平今,4959.0,1,2022-04-14 11:11:13
1009,rb2210,SHFE,0_0_     1837932,多,开,4957.0,1,2022-04-14 11:11:19
1010,rb2210,SHFE,0_0_     1837932,多,开,4957.0,1,2022-04-14 11:11:20
1011,rb2210,SHFE,0_0_     1837932,多,开,4957.0,1,2022-04-14 11:11:20
1012,rb2210,SHFE,0_0_     1837932,多,开,4957.0,1,2022-04-14 11:11:20
1013,rb2210,SHFE,0_0_     1841004,多,平今,4958.0,1,2022-04-14 11:11:48
1014,rb2210,SHFE,0_0_     1841024,空,平今,4959.0,1,2022-04-14 11:11:48
1015,rb2210,SHFE,0_0_     1841024,空,平今,4959.0,1,2022-04-14 11:11:48
1016,rb2210,SHFE,0_0_     1841024,空,平今,4959.0,1,2022-04-14 11:11:48
1017,rb2210,SHFE,0_0_     1841024,空,平今,4959.0,1,2022-04-14 11:11:48
1018,rb2210,SHFE,0_0_     1841024,空,平今,4959.0,1,2022-04-14 11:11:48
1019,rb2210,SHFE,0_0_     1841205,空,平今,4959.0,1,2022-04-14 11:11:59
1020,rb2210,SHFE,0_0_     1842980,空,开,4959.0,3,2022-04-14 11:12:13
1021,rb2210,SHFE,0_0_     1848555,多,平今,4960.0,1,2022-04-14 11:13:25
1022,rb2210,SHFE,0_0_     1848555,多,平今,4960.0,2,2022-04-14 11:13:26
1023,rb2210,SHFE,0_0_     1848756,空,开,4961.0,3,2022-04-14 11:13:31
1024,rb2210,SHFE,0_0_     1848756,空,开,4961.0,1,2022-04-14 11:13:31
1025,rb2210,SHFE,0_0_     1856258,多,平今,4967.0,2,2022-04-14 11:15:09
1026,rb2210,SHFE,0_0_     1856499,空,开,4968.0,2,2022-04-14 11:15:09
1027,rb2210,SHFE,0_0_     1856566,多,平今,4967.0,2,2022-04-14 11:15:09
1028,rb2210,SHFE,0_0_     1856577,空,开,4968.0,1,2022-04-14 11:16:26
1029,rb2210,SHFE,0_0_     1856577,空,开,4968.0,1,2022-04-14 11:16:26
1030,rb2210,SHFE,0_0_     1864079,多,平今,4967.0,2,2022-04-14 11:16:26
1031,rb2210,SHFE,0_0_     1864165,多,开,4967.0,1,2022-04-14 11:16:29
1032,rb2210,SHFE,0_0_     1864165,多,开,4967.0,1,2022-04-14 11:16:29
1033,rb2210,SHFE,0_0_     1864165,多,开,4967.0,1,2022-04-14 11:16:29
1034,rb2210,SHFE,0_0_     1869813,多,开,4967.0,2,2022-04-14 11:17:38
1035,rb2210,SHFE,0_0_     1874857,空,平今,4972.0,1,2022-04-14 11:18:18
1036,rb2210,SHFE,0_0_     1880470,空,平今,4975.0,3,2022-04-14 11:19:10
1037,rb2210,SHFE,0_0_     1880645,多,开,4974.0,5,2022-04-14 11:19:24
1038,rb2210,SHFE,0_0_     1882126,空,平今,4975.0,1,2022-04-14 11:19:24
1039,rb2210,SHFE,0_0_     1882126,空,平今,4975.0,4,2022-04-14 11:19:24
1040,rb2210,SHFE,0_0_     1882143,多,开,4974.0,2,2022-04-14 11:19:36
1041,rb2210,SHFE,0_0_     1882143,多,开,4974.0,1,2022-04-14 11:19:36
1042,rb2210,SHFE,0_0_     1882143,多,开,4974.0,1,2022-04-14 11:19:36
1043,rb2210,SHFE,0_0_     1882143,多,开,4974.0,2,2022-04-14 11:19:36
1044,rb2210,SHFE,0_0_     1883799,空,平今,4975.0,6,2022-04-14 11:19:37
1045,rb2210,SHFE,0_0_     1884571,空,平今,4975.0,1,2022-04-14 11:19:49
1046,rb2210,SHFE,0_0_     1884571,空,平今,4975.0,1,2022-04-14 11:19:49
1047,rb2210,SHFE,0_0_     1884889,多,平今,4974.0,2,2022-04-14 11:19:53
1048,rb2210,SHFE,0_0_     1890561,空,开,4975.0,4,2022-04-14 11:20:51
1049,rb2210,SHFE,0_0_     1890818,多,平今,4975.0,1,2022-04-14 11:20:51
1050,rb2210,SHFE,0_0_     1890818,多,平今,4975.0,1,2022-04-14 11:20:51
1051,rb2210,SHFE,0_0_     1890818,多,平今,4975.0,2,2022-04-14 11:20:51
1052,rb2210,SHFE,0_0_     1890886,多,开,4974.0,1,2022-04-14 11:21:21
1053,rb2210,SHFE,0_0_     1890886,多,开,4974.0,1,2022-04-14 11:21:21
1054,rb2210,SHFE,0_0_     1890886,多,开,4974.0,2,2022-04-14 11:21:21
1055,rb2210,SHFE,0_0_     1890886,多,开,4974.0,4,2022-04-14 11:21:21
1056,rb2210,SHFE,0_0_     1894106,空,平今,4975.0,4,2022-04-14 11:21:23
1057,rb2210,SHFE,0_0_     1893924,空,开,4976.0,1,2022-04-14 11:21:23
1058,rb2210,SHFE,0_0_     1895129,空,开,4977.0,4,2022-04-14 11:21:32
1059,rb2210,SHFE,0_0_     1895129,空,开,4977.0,1,2022-04-14 11:21:32
1060,rb2210,SHFE,0_0_     1895129,空,开,4977.0,2,2022-04-14 11:21:32
1061,rb2210,SHFE,0_0_     1895412,多,平今,4977.0,1,2022-04-14 11:21:37
1062,rb2210,SHFE,0_0_     1895412,多,平今,4977.0,2,2022-04-14 11:21:37
1063,rb2210,SHFE,0_0_     1895412,多,平今,4977.0,1,2022-04-14 11:21:37
1064,rb2210,SHFE,0_0_     1895412,多,平今,4977.0,1,2022-04-14 11:21:37
1065,rb2210,SHFE,0_0_     1897172,多,平今,4984.0,1,2022-04-14 11:21:51
1066,rb2210,SHFE,0_0_     1897832,空,平今,4985.0,1,2022-04-14 11:21:54
1067,rb2210,SHFE,0_0_     1897832,空,平今,4985.0,2,2022-04-14 11:21:54
1068,rb2210,SHFE,0_0_     1897914,多,开,4984.0,3,2022-04-14 11:21:54
1069,rb2210,SHFE,0_0_     1897112,多,开,4982.0,1,2022-04-14 11:22:00
1070,rb2210,SHFE,0_0_     1897112,多,开,4982.0,1,2022-04-14 11:22:00
1071,rb2210,SHFE,0_0_     1897112,多,开,4982.0,1,2022-04-14 11:22:00
1072,rb2210,SHFE,0_0_     1897112,多,开,4982.0,1,2022-04-14 11:22:00
1073,rb2210,SHFE,0_0_     1899915,空,平今,4984.0,1,2022-04-14 11:22:11
1074,rb2210,SHFE,0_0_     1899915,空,平今,4984.0,2,2022-04-14 11:22:11
1075,rb2210,SHFE,0_0_     1900256,空,平今,4983.0,1,2022-04-14 11:22:14
1076,rb2210,SHFE,0_0_     1900256,空,平今,4983.0,3,2022-04-14 11:22:14
1077,rb2210,SHFE,0_0_     1900508,多,开,4982.0,1,2022-04-14 11:22:19
1078,rb2210,SHFE,0_0_     1900508,多,开,4982.0,1,2022-04-14 11:22:19
1079,rb2210,SHFE,0_0_     1900508,多,开,4982.0,1,2022-04-14 11:22:19
1080,rb2210,SHFE,0_0_     1900508,多,开,4982.0,1,2022-04-14 11:22:19
1081,rb2210,SHFE,0_0_     1901520,多,开,4982.0,2,2022-04-14 11:22:26
1082,rb2210,SHFE,0_0_     1902269,空,平今,4983.0,2,2022-04-14 11:22:26
1083,rb2210,SHFE,0_0_     1902281,多,开,4982.0,1,2022-04-14 11:22:27
1084,rb2210,SHFE,0_0_     1902281,多,开,4982.0,1,2022-04-14 11:22:27
1085,rb2210,SHFE,0_0_     1902370,多,开,4982.0,1,2022-04-14 11:22:28
1086,rb2210,SHFE,0_0_     1902375,空,平今,4983.0,1,2022-04-14 11:22:28
1087,rb2210,SHFE,0_0_     1902385,多,开,4982.0,1,2022-04-14 11:22:29
1088,rb2210,SHFE,0_0_     1902869,空,平今,4983.0,3,2022-04-14 11:22:36
1089,rb2210,SHFE,0_0_     1902869,空,平今,4983.0,1,2022-04-14 11:22:36
1090,rb2210,SHFE,0_0_     1904848,空,平今,4986.0,4,2022-04-14 11:22:54
1091,rb2210,SHFE,0_0_     1905005,多,开,4986.000000000001,2,2022-04-14 11:22:57
1092,rb2210,SHFE,0_0_     1904870,多,开,4985.0,2,2022-04-14 11:22:59
1093,rb2210,SHFE,0_0_     1906254,多,平今,4987.0,1,2022-04-14 11:23:05
1094,rb2210,SHFE,0_0_     1906698,多,平今,4987.0,1,2022-04-14 11:23:06
1095,rb2210,SHFE,0_0_     1908293,空,开,4991.0,7,2022-04-14 11:23:27
1096,rb2210,SHFE,0_0_     1908544,多,平今,4990.0,2,2022-04-14 11:23:29
1097,rb2210,SHFE,0_0_     1908891,多,平今,4989.0,4,2022-04-14 11:23:34
1098,rb2210,SHFE,0_0_     1909270,多,平今,4990.0,1,2022-04-14 11:23:37
1099,rb2210,SHFE,0_0_     1909725,空,开,4990.0,3,2022-04-14 11:23:46
1100,rb2210,SHFE,0_0_     1908548,空,平今,4991.0,1,2022-04-14 11:23:47
1101,rb2210,SHFE,0_0_     1908548,空,平今,4991.0,1,2022-04-14 11:23:47
1102,rb2210,SHFE,0_0_     1911374,空,平今,4988.0,2,2022-04-14 11:23:57
1103,rb2210,SHFE,0_0_     1911875,多,平今,4988.0,1,2022-04-14 11:24:02
1104,rb2210,SHFE,0_0_     1911875,多,平今,4988.0,1,2022-04-14 11:24:02
1105,rb2210,SHFE,0_0_     1911726,多,平今,4987.0,1,2022-04-14 11:24:17
1106,rb2210,SHFE,0_0_     1911784,多,开,4987.0,3,2022-04-14 11:24:20
1107,rb2210,SHFE,0_0_     1913938,空,平今,4988.0,1,2022-04-14 11:24:20
1108,rb2210,SHFE,0_0_     1913938,空,平今,4988.0,2,2022-04-14 11:24:20
1109,rb2210,SHFE,0_0_     1914570,多,开,4988.0,4,2022-04-14 11:24:27
1110,rb2210,SHFE,0_0_     1917756,空,平今,4991.0,3,2022-04-14 11:25:02
1111,rb2210,SHFE,0_0_     1917814,多,开,4990.0,3,2022-04-14 11:25:03
1112,rb2210,SHFE,0_0_     1917889,空,平今,4989.0,4,2022-04-14 11:25:04
1113,rb2210,SHFE,0_0_     1918873,空,开,4987.0,1,2022-04-14 11:25:18
1114,rb2210,SHFE,0_0_     1918873,空,开,4987.0,4,2022-04-14 11:25:18
1115,rb2210,SHFE,0_0_     1923391,多,平今,4988.0,1,2022-04-14 11:25:58
1116,rb2210,SHFE,0_0_     1923391,多,平今,4988.0,1,2022-04-14 11:25:58
1117,rb2210,SHFE,0_0_     1923391,多,平今,4988.0,1,2022-04-14 11:25:58
1118,rb2210,SHFE,0_0_     1923391,多,平今,4988.0,1,2022-04-14 11:25:58
1119,rb2210,SHFE,0_0_     1917965,空,开,4989.0,1,2022-04-14 11:25:59
1120,rb2210,SHFE,0_0_     1923576,空,开,4988.0,4,2022-04-14 11:25:59
1121,rb2210,SHFE,0_0_     1924137,多,开,4988.0,3,2022-04-14 11:26:03
1122,rb2210,SHFE,0_0_     1924302,多,平今,4988.0,2,2022-04-14 11:26:07
1123,rb2210,SHFE,0_0_     1923585,多,平今,4987.0,2,2022-04-14 11:26:11
1124,rb2210,SHFE,0_0_     1923585,多,平今,4987.0,2,2022-04-14 11:26:11
1125,rb2210,SHFE,0_0_     1924706,空,平今,4988.0,2,2022-04-14 11:26:15
1126,rb2210,SHFE,0_0_     1924902,空,开,4988.0,4,2022-04-14 11:26:15
1127,rb2210,SHFE,0_0_     1929727,多,平今,4987.0,2,2022-04-14 11:27:01
1128,rb2210,SHFE,0_0_     1929727,多,平今,4987.0,1,2022-04-14 11:27:01
1129,rb2210,SHFE,0_0_     1929727,多,平今,4987.0,1,2022-04-14 11:27:01
1130,rb2210,SHFE,0_0_     1930081,空,开,4987.0,4,2022-04-14 11:27:12
1131,rb2210,SHFE,0_0_     1925209,空,平今,4988.0,1,2022-04-14 11:27:13
1132,rb2210,SHFE,0_0_     1931761,多,平今,4987.0,1,2022-04-14 11:27:13
1133,rb2210,SHFE,0_0_     1931761,多,平今,4987.0,1,2022-04-14 11:27:13
1134,rb2210,SHFE,0_0_     1931956,多,平今,4988.0,1,2022-04-14 11:27:15
1135,rb2210,SHFE,0_0_     1932067,多,开,4988.0,4,2022-04-14 11:27:17
1136,rb2210,SHFE,0_0_     1932589,空,平今,4989.0,2,2022-04-14 11:27:20
1137,rb2210,SHFE,0_0_     1932851,空,开,4989.0,4,2022-04-14 11:27:24
1138,rb2210,SHFE,0_0_     1933536,多,平今,4988.0,3,2022-04-14 11:27:35
1139,rb2210,SHFE,0_0_     1934386,空,平今,4988.0,2,2022-04-14 11:27:49
1140,rb2210,SHFE,0_0_     1935302,空,开,4988.0,6,2022-04-14 11:28:01
1141,rb2210,SHFE,0_0_     1936730,多,开,4988.0,3,2022-04-14 11:28:10
1142,rb2210,SHFE,0_0_     1936440,多,平今,4987.0,6,2022-04-14 11:28:21
1143,rb2210,SHFE,0_0_     1943691,空,平今,5010.0,3,2022-04-14 13:30:10
1144,rb2210,SHFE,0_0_     1943780,多,开,5010.0,4,2022-04-14 13:30:12
1145,rb2210,SHFE,0_0_     1943793,空,平今,5011.0,1,2022-04-14 13:30:12
1146,rb2210,SHFE,0_0_     1943793,空,平今,5011.0,1,2022-04-14 13:30:12
1147,rb2210,SHFE,0_0_     1943793,空,平今,5011.0,2,2022-04-14 13:30:12
1148,rb2210,SHFE,0_0_     1943802,多,开,5010.0,4,2022-04-14 13:30:14
1149,rb2210,SHFE,0_0_     1943888,空,平今,5011.0,4,2022-04-14 13:30:14
1150,rb2210,SHFE,0_0_     1944355,空,开,5013.0,1,2022-04-14 13:30:27
1151,rb2210,SHFE,0_0_     1944483,空,开,5013.0,4,2022-04-14 13:30:32
1152,rb2210,SHFE,0_0_     1944562,空,开,5013.0,1,2022-04-14 13:30:34
1153,rb2210,SHFE,0_0_     1944670,多,平今,5013.0,1,2022-04-14 13:30:37
1154,rb2210,SHFE,0_0_     1944678,多,平今,5012.0,1,2022-04-14 13:30:38
1155,rb2210,SHFE,0_0_     1943889,多,开,5010.0,1,2022-04-14 13:30:42
1156,rb2210,SHFE,0_0_     1943889,多,开,5010.0,1,2022-04-14 13:30:42
1157,rb2210,SHFE,0_0_     1943889,多,开,5010.0,2,2022-04-14 13:30:42
1158,rb2210,SHFE,0_0_     1944803,空,平今,5011.0,4,2022-04-14 13:30:42
1159,rb2210,SHFE,0_0_     1944776,空,开,5012.0,1,2022-04-14 13:30:43
1160,rb2210,SHFE,0_0_     1944832,多,平今,5011.0,1,2022-04-14 13:30:44
1161,rb2210,SHFE,0_0_     1944879,多,平今,5011.0,4,2022-04-14 13:30:49
1162,rb2210,SHFE,0_0_     1944967,空,开,5012.0,4,2022-04-14 13:30:49
1163,rb2210,SHFE,0_0_     1945262,多,开,5015.0,7,2022-04-14 13:31:01
1164,rb2210,SHFE,0_0_     1945262,多,开,5015.0,1,2022-04-14 13:31:01
1165,rb2210,SHFE,0_0_     1945687,空,平今,5016.0,1,2022-04-14 13:31:13
1166,rb2210,SHFE,0_0_     1945488,空,平今,5019.0,4,2022-04-14 13:31:25
1167,rb2210,SHFE,0_0_     1946121,多,开,5019.0,5,2022-04-14 13:31:28
1168,rb2210,SHFE,0_0_     1946201,多,平今,5021.0,1,2022-04-14 13:31:30
1169,rb2210,SHFE,0_0_     1946228,空,平今,5022.0,2,2022-04-14 13:31:32
1170,rb2210,SHFE,0_0_     1946228,空,平今,5022.0,2,2022-04-14 13:31:32
1171,rb2210,SHFE,0_0_     1946330,空,平今,5022.0,4,2022-04-14 13:31:33
1172,rb2210,SHFE,0_0_     1946414,多,平今,5020.0,4,2022-04-14 13:31:36
1173,rb2210,SHFE,0_0_     1946416,空,开,5021.000000000001,2,2022-04-14 13:31:36
1174,rb2210,SHFE,0_0_     1946417,多,平今,5020.0,2,2022-04-14 13:31:36
1175,rb2210,SHFE,0_0_     1946472,多,开,5021.0,1,2022-04-14 13:31:38
1176,rb2210,SHFE,0_0_     1946472,多,开,5021.0,1,2022-04-14 13:31:38
1177,rb2210,SHFE,0_0_     1946472,多,开,5021.0,1,2022-04-14 13:31:38
1178,rb2210,SHFE,0_0_     1947468,多,开,5023.0,4,2022-04-14 13:32:03
1179,rb2210,SHFE,0_0_     1947560,空,平今,5024.0,7,2022-04-14 13:32:04
1180,rb2210,SHFE,0_0_     1947589,多,开,5023.0,4,2022-04-14 13:32:05
1181,rb2210,SHFE,0_0_     1947612,多,开,5023.0,1,2022-04-14 13:32:05
1182,rb2210,SHFE,0_0_     1947637,空,平今,5023.0,2,2022-04-14 13:32:06
1183,rb2210,SHFE,0_0_     1947637,空,平今,5023.0,1,2022-04-14 13:32:06
1184,rb2210,SHFE,0_0_     1947637,空,平今,5023.0,1,2022-04-14 13:32:06
1185,rb2210,SHFE,0_0_     1947670,空,平今,5022.0,1,2022-04-14 13:32:07
1186,rb2210,SHFE,0_0_     1947785,多,开,5026.0,3,2022-04-14 13:32:09
1187,rb2210,SHFE,0_0_     1947808,多,平今,5026.0,1,2022-04-14 13:32:10
1188,rb2210,SHFE,0_0_     1947763,多,开,5024.0,1,2022-04-14 13:32:19
1189,rb2210,SHFE,0_0_     1947763,多,开,5024.0,3,2022-04-14 13:32:19
1190,rb2210,SHFE,0_0_     1948632,空,平今,5024.0,2,2022-04-14 13:32:29
1191,rb2210,SHFE,0_0_     1948785,多,开,5024.0,1,2022-04-14 13:32:31
1192,rb2210,SHFE,0_0_     1948856,空,平今,5025.0,2,2022-04-14 13:32:32
1193,rb2210,SHFE,0_0_     1948856,空,平今,5025.0,1,2022-04-14 13:32:32
1194,rb2210,SHFE,0_0_     1948875,多,开,5024.0,3,2022-04-14 13:32:34
1195,rb2210,SHFE,0_0_     1948941,空,平今,5025.0,2,2022-04-14 13:32:35
1196,rb2210,SHFE,0_0_     1949132,空,开,5023.0,4,2022-04-14 13:32:39
1197,rb2210,SHFE,0_0_     1949115,空,平今,5024.0,2,2022-04-14 13:32:41
1198,rb2210,SHFE,0_0_     1949186,多,平今,5023.0,2,2022-04-14 13:32:41
1199,rb2210,SHFE,0_0_     1949265,多,开,5023.0,5,2022-04-14 13:32:45
1200,rb2210,SHFE,0_0_     1948284,空,开,5026.0,4,2022-04-14 13:32:48
1201,rb2210,SHFE,0_0_     1949574,多,平今,5026.0,2,2022-04-14 13:32:48
1202,rb2210,SHFE,0_0_     1949574,多,平今,5026.0,2,2022-04-14 13:32:48
1203,rb2210,SHFE,0_0_     1949574,多,平今,5026.0,1,2022-04-14 13:32:48
1204,rb2210,SHFE,0_0_     1949574,多,平今,5026.0,1,2022-04-14 13:32:48
1205,rb2210,SHFE,0_0_     1953570,空,开,5024.0,7,2022-04-14 13:33:28
1206,rb2210,SHFE,0_0_     1954394,多,平今,5022.0,7,2022-04-14 13:33:41
1207,rb2210,SHFE,0_0_     1957993,空,平今,5024.0,2,2022-04-14 13:34:09
1208,rb2210,SHFE,0_0_     1960256,空,开,5024.0,2,2022-04-14 13:34:29
1209,rb2210,SHFE,0_0_     1962498,空,开,5026.0,6,2022-04-14 13:34:46
1210,rb2210,SHFE,0_0_     1962757,多,开,5027.0,3,2022-04-14 13:34:50
1211,rb2210,SHFE,0_0_     1963002,多,平今,5027.0,1,2022-04-14 13:34:53
1212,rb2210,SHFE,0_0_     1963002,多,平今,5027.0,1,2022-04-14 13:34:53
1213,rb2210,SHFE,0_0_     1962586,多,平今,5025.0,2,2022-04-14 13:34:59
1214,rb2210,SHFE,0_0_     1962586,多,平今,5025.0,2,2022-04-14 13:34:59
1215,rb2210,SHFE,0_0_     1963724,空,开,5026.0,3,2022-04-14 13:35:00
1216,rb2210,SHFE,0_0_     1963724,空,开,5026.0,1,2022-04-14 13:35:00
1217,rb2210,SHFE,0_0_     1963724,空,开,5026.0,2,2022-04-14 13:35:00
1218,rb2210,SHFE,0_0_     1964487,空,平今,5027.000000000001,4,2022-04-14 13:35:04
1219,rb2210,SHFE,0_0_     1964581,多,平今,5026.0,4,2022-04-14 13:35:04
1220,rb2210,SHFE,0_0_     1960502,多,平今,5023.0,2,2022-04-14 13:35:07
1221,rb2210,SHFE,0_0_     1968366,多,开,5021.0,4,2022-04-14 13:35:32
1222,rb2210,SHFE,0_0_     1969612,多,平今,5020.0,1,2022-04-14 13:35:44
1223,rb2210,SHFE,0_0_     1970041,多,平今,5021.0,1,2022-04-14 13:35:48
1224,rb2210,SHFE,0_0_     1970122,空,开,5021.0,1,2022-04-14 13:35:50
1225,rb2210,SHFE,0_0_     1970122,空,开,5021.0,1,2022-04-14 13:35:50
1226,rb2210,SHFE,0_0_     1970300,多,平今,5020.0,1,2022-04-14 13:35:50
1227,rb2210,SHFE,0_0_     1970300,多,平今,5020.0,1,2022-04-14 13:35:50
1228,rb2210,SHFE,0_0_     1970388,空,开,5021.0,2,2022-04-14 13:35:52
1229,rb2210,SHFE,0_0_     1970484,多,平今,5020.0,2,2022-04-14 13:35:53
1230,rb2210,SHFE,0_0_     1970654,空,开,5021.0,2,2022-04-14 13:35:54
1231,rb2210,SHFE,0_0_     1971168,多,平今,5020.0,1,2022-04-14 13:35:59
1232,rb2210,SHFE,0_0_     1971316,空,开,5021.0,1,2022-04-14 13:35:59
1233,rb2210,SHFE,0_0_     1968601,空,平今,5022.0,4,2022-04-14 13:36:00
1234,rb2210,SHFE,0_0_     1971434,多,开,5021.0,4,2022-04-14 13:36:00
1235,rb2210,SHFE,0_0_     1971484,空,平今,5022.0,4,2022-04-14 13:36:01
1236,rb2210,SHFE,0_0_     1971535,多,开,5021.0,1,2022-04-14 13:36:01
1237,rb2210,SHFE,0_0_     1971535,多,开,5021.0,1,2022-04-14 13:36:01
1238,rb2210,SHFE,0_0_     1971535,多,开,5021.0,2,2022-04-14 13:36:01
1239,rb2210,SHFE,0_0_     1971649,空,平今,5023.0,2,2022-04-14 13:36:02
1240,rb2210,SHFE,0_0_     1971649,空,平今,5023.0,2,2022-04-14 13:36:02
1241,rb2210,SHFE,0_0_     1971539,多,平今,5021.0,1,2022-04-14 13:36:05
1242,rb2210,SHFE,0_0_     1972556,多,开,5019.0,3,2022-04-14 13:36:14
1243,rb2210,SHFE,0_0_     1972732,空,平今,5020.0,3,2022-04-14 13:36:15
1244,rb2210,SHFE,0_0_     1972882,多,开,5019.0,2,2022-04-14 13:36:17
1245,rb2210,SHFE,0_0_     1973725,空,平今,5018.0,2,2022-04-14 13:36:24
1246,rb2210,SHFE,0_0_     1974612,多,开,5018.0,1,2022-04-14 13:36:27
1247,rb2210,SHFE,0_0_     1974612,多,开,5018.0,1,2022-04-14 13:36:27
1248,rb2210,SHFE,0_0_     1974612,多,开,5018.0,1,2022-04-14 13:36:27
1249,rb2210,SHFE,0_0_     1974612,多,开,5018.0,1,2022-04-14 13:36:27
1250,rb2210,SHFE,0_0_     1973175,空,平今,5019.0,4,2022-04-14 13:36:28
1251,rb2210,SHFE,0_0_     1975120,多,开,5019.0,2,2022-04-14 13:36:30
1252,rb2210,SHFE,0_0_     1975120,多,开,5019.0,1,2022-04-14 13:36:30
1253,rb2210,SHFE,0_0_     1975120,多,开,5019.0,1,2022-04-14 13:36:30
1254,rb2210,SHFE,0_0_     1975263,空,平今,5019.0,2,2022-04-14 13:36:34
1255,rb2210,SHFE,0_0_     1975263,空,平今,5019.0,2,2022-04-14 13:36:35
1256,rb2210,SHFE,0_0_     1975392,空,平今,5019.0,2,2022-04-14 13:36:35
1257,rb2210,SHFE,0_0_     1976323,多,平今,5020.0,1,2022-04-14 13:36:41
1258,rb2210,SHFE,0_0_     1971903,空,开,5022.0,1,2022-04-14 13:36:49
1259,rb2210,SHFE,0_0_     1978478,多,平今,5021.0,1,2022-04-14 13:37:06
1260,rb2210,SHFE,0_0_     1978545,多,开,5021.0,2,2022-04-14 13:37:06
1261,rb2210,SHFE,0_0_     1979058,空,平今,5022.0,3,2022-04-14 13:37:08
1262,rb2210,SHFE,0_0_     1979524,空,开,5023.0,2,2022-04-14 13:37:13
1263,rb2210,SHFE,0_0_     1965084,空,开,5024.0,4,2022-04-14 13:37:13
1264,rb2210,SHFE,0_0_     1979539,多,平今,5023.0,1,2022-04-14 13:37:13
1265,rb2210,SHFE,0_0_     1979539,多,平今,5023.0,1,2022-04-14 13:37:13
1266,rb2210,SHFE,0_0_     1979539,多,平今,5023.0,1,2022-04-14 13:37:13
1267,rb2210,SHFE,0_0_     1979539,多,平今,5023.0,1,2022-04-14 13:37:13
1268,rb2210,SHFE,0_0_     1979789,空,平今,5024.0,1,2022-04-14 13:37:15
1269,rb2210,SHFE,0_0_     1979940,多,开,5024.0,1,2022-04-14 13:37:16
1270,rb2210,SHFE,0_0_     1979842,空,开,5025.0,4,2022-04-14 13:37:38
1271,rb2210,SHFE,0_0_     1981659,多,平今,5024.0,2,2022-04-14 13:37:40
1272,rb2210,SHFE,0_0_     1981759,多,平今,5024.0,2,2022-04-14 13:37:40
1273,rb2210,SHFE,0_0_     1981759,多,平今,5024.0,1,2022-04-14 13:37:40
1274,rb2210,SHFE,0_0_     1981759,多,平今,5024.0,1,2022-04-14 13:37:40
1275,rb2210,SHFE,0_0_     1982033,空,开,5025.0,4,2022-04-14 13:37:42
1276,rb2210,SHFE,0_0_     1982409,空,平今,5025.000000000001,1,2022-04-14 13:37:45
1277,rb2210,SHFE,0_0_     1964587,空,开,5026.0,2,2022-04-14 13:37:46
1278,rb2210,SHFE,0_0_     1982657,空,开,5025.0,1,2022-04-14 13:37:50
1279,rb2210,SHFE,0_0_     1982762,多,平今,5024.000000000001,1,2022-04-14 13:37:53
1280,rb2210,SHFE,0_0_     1983003,空,开,5025.0,2,2022-04-14 13:37:54
1281,rb2210,SHFE,0_0_     1983111,多,平今,5025.0,1,2022-04-14 13:37:55
1282,rb2210,SHFE,0_0_     1983111,多,平今,5025.0,2,2022-04-14 13:37:55
1283,rb2210,SHFE,0_0_     1983211,多,平今,5025.0,1,2022-04-14 13:37:55
1284,rb2210,SHFE,0_0_     1983211,多,平今,5025.0,1,2022-04-14 13:37:55
1285,rb2210,SHFE,0_0_     1983211,多,平今,5025.0,1,2022-04-14 13:37:55
1286,rb2210,SHFE,0_0_     1983179,空,开,5026.0,1,2022-04-14 13:37:56
1287,rb2210,SHFE,0_0_     1983934,多,平今,5026.0,2,2022-04-14 13:38:02
1288,rb2210,SHFE,0_0_     1984003,多,开,5026.0,1,2022-04-14 13:38:08
1289,rb2210,SHFE,0_0_     1983317,多,平今,5025.0,1,2022-04-14 13:38:32
1290,rb2210,SHFE,0_0_     1987357,空,开,5026.0,4,2022-04-14 13:38:33
1291,rb2210,SHFE,0_0_     1987621,空,开,5027.0,2,2022-04-14 13:38:36
1292,rb2210,SHFE,0_0_     1987645,多,平今,5027.0,2,2022-04-14 13:38:36
1293,rb2210,SHFE,0_0_     1987645,多,平今,5027.0,1,2022-04-14 13:38:36
1294,rb2210,SHFE,0_0_     1987932,多,平今,5027.0,1,2022-04-14 13:38:40
1295,rb2210,SHFE,0_0_     1989581,多,平今,5028.0,1,2022-04-14 13:38:55
1296,rb2210,SHFE,0_0_     1989653,多,开,5028.0,4,2022-04-14 13:38:56
1297,rb2210,SHFE,0_0_     1991641,多,开,5031.0,2,2022-04-14 13:39:21
1298,rb2210,SHFE,0_0_     1991751,空,平今,5032.0,2,2022-04-14 13:39:21
1299,rb2210,SHFE,0_0_     1992116,空,平今,5032.0,3,2022-04-14 13:39:25
1300,rb2210,SHFE,0_0_     1992184,多,开,5032.0,4,2022-04-14 13:39:27
1301,rb2210,SHFE,0_0_     1991752,多,开,5031.000000000001,2,2022-04-14 13:39:31
1302,rb2210,SHFE,0_0_     1992528,空,平今,5032.000000000001,2,2022-04-14 13:39:34
1303,rb2210,SHFE,0_0_     1992389,空,平今,5033.0,1,2022-04-14 13:39:42
1304,rb2210,SHFE,0_0_     1993198,多,开,5033.0,1,2022-04-14 13:39:42
1305,rb2210,SHFE,0_0_     1993282,空,平今,5033.0,1,2022-04-14 13:39:44
1306,rb2210,SHFE,0_0_     1993282,空,平今,5033.0,1,2022-04-14 13:39:44
1307,rb2210,SHFE,0_0_     1993282,空,平今,5033.0,1,2022-04-14 13:39:44
1308,rb2210,SHFE,0_0_     1993282,空,平今,5033.0,1,2022-04-14 13:39:45
1309,rb2210,SHFE,0_0_     1993317,空,平今,5033.0,1,2022-04-14 13:39:45
1310,rb2210,SHFE,0_0_     1993893,多,开,5034.0,1,2022-04-14 13:39:53
1311,rb2210,SHFE,0_0_     1994047,空,开,5034.0,2,2022-04-14 13:39:56
1312,rb2210,SHFE,0_0_     1994047,空,开,5034.0,2,2022-04-14 13:39:57
1313,rb2210,SHFE,0_0_     1993324,多,开,5032.0,4,2022-04-14 13:39:59
1314,rb2210,SHFE,0_0_     1994216,多,平今,5033.0,2,2022-04-14 13:39:59
1315,rb2210,SHFE,0_0_     1994216,多,平今,5033.0,1,2022-04-14 13:39:59
1316,rb2210,SHFE,0_0_     1994234,空,平今,5033.0,1,2022-04-14 13:40:00
1317,rb2210,SHFE,0_0_     1994234,空,平今,5033.0,1,2022-04-14 13:40:00
1318,rb2210,SHFE,0_0_     1994234,空,平今,5033.0,1,2022-04-14 13:40:00
1319,rb2210,SHFE,0_0_     1994234,空,平今,5033.0,1,2022-04-14 13:40:00
1320,rb2210,SHFE,0_0_     1994331,空,平今,5033.0,1,2022-04-14 13:40:00
1321,rb2210,SHFE,0_0_     1994346,多,开,5032.0,1,2022-04-14 13:40:00
1322,rb2210,SHFE,0_0_     1994346,多,开,5032.0,1,2022-04-14 13:40:01
1323,rb2210,SHFE,0_0_     1994922,空,平今,5028.0,1,2022-04-14 13:40:08
1324,rb2210,SHFE,0_0_     1995072,多,开,5028.0,4,2022-04-14 13:40:09
1325,rb2210,SHFE,0_0_     1989358,多,平今,5027.0,1,2022-04-14 13:40:09
1326,rb2210,SHFE,0_0_     1995307,空,平今,5029.0,3,2022-04-14 13:40:11
1327,rb2210,SHFE,0_0_     1996582,空,平今,5027.0,1,2022-04-14 13:40:20
1328,rb2210,SHFE,0_0_     2000248,多,开,5026.000000000001,2,2022-04-14 13:40:42
1329,rb2210,SHFE,0_0_     2000248,多,开,5026.000000000001,2,2022-04-14 13:40:42
1330,rb2210,SHFE,0_0_     2000818,空,开,5026.0,2,2022-04-14 13:40:47
1331,rb2210,SHFE,0_0_     2000935,空,开,5026.0,1,2022-04-14 13:40:53
1332,rb2210,SHFE,0_0_     2002853,空,平今,5027.0,4,2022-04-14 13:41:13
1333,rb2210,SHFE,0_0_     2003349,多,平今,5026.0,4,2022-04-14 13:41:50
1334,rb2210,SHFE,0_0_     2006692,空,开,5026.0,1,2022-04-14 13:41:54
1335,rb2210,SHFE,0_0_     2006692,空,开,5026.0,2,2022-04-14 13:41:54
1336,rb2210,SHFE,0_0_     2006596,空,开,5027.0,1,2022-04-14 13:42:00
1337,rb2210,SHFE,0_0_     2007232,多,平今,5026.0,1,2022-04-14 13:42:02
1338,rb2210,SHFE,0_0_     2007516,多,平今,5026.0,1,2022-04-14 13:42:10
1339,rb2210,SHFE,0_0_     2009880,空,开,5024.0,4,2022-04-14 13:42:51
1340,rb2210,SHFE,0_0_     2010556,空,平今,5024.0,1,2022-04-14 13:42:58
1341,rb2210,SHFE,0_0_     2010610,空,平今,5024.0,1,2022-04-14 13:43:01
1342,rb2210,SHFE,0_0_     2011116,多,平今,5023.0,4,2022-04-14 13:43:03
1343,rb2210,SHFE,0_0_     2013123,多,平今,5019.0,2,2022-04-14 13:43:31
1344,rb2210,SHFE,0_0_     2014135,多,开,5018.0,4,2022-04-14 13:43:49
1345,rb2210,SHFE,0_0_     2015471,空,平今,5017.0,4,2022-04-14 13:44:11
1346,rb2210,SHFE,0_0_     2015754,多,开,5016.0,4,2022-04-14 13:44:11
1347,rb2210,SHFE,0_0_     2015781,空,平今,5017.0,4,2022-04-14 13:44:12
1348,rb2210,SHFE,0_0_     2015845,多,开,5016.0,4,2022-04-14 13:44:13
1349,rb2210,SHFE,0_0_     2015932,空,平今,5015.0,4,2022-04-14 13:44:16
1350,rb2210,SHFE,0_0_     2016044,多,开,5016.0,4,2022-04-14 13:44:18
1351,rb2210,SHFE,0_0_     2016200,多,开,5016.0,4,2022-04-14 13:44:20
1352,rb2210,SHFE,0_0_     2016930,空,平今,5019.0,1,2022-04-14 13:44:29
1353,rb2210,SHFE,0_0_     2016930,空,平今,5019.0,1,2022-04-14 13:44:29
1354,rb2210,SHFE,0_0_     2021810,空,平今,5020.0,4,2022-04-14 13:45:21
1355,rb2210,SHFE,0_0_     2024699,空,开,5020.0,2,2022-04-14 13:46:04
1356,rb2210,SHFE,0_0_     2028943,多,开,5011.0,1,2022-04-14 13:46:44
1357,rb2210,SHFE,0_0_     2028943,多,开,5011.0,3,2022-04-14 13:46:44
1358,rb2210,SHFE,0_0_     2029072,空,平今,5011.0,1,2022-04-14 13:46:47
1359,rb2210,SHFE,0_0_     2029072,空,平今,5011.0,1,2022-04-14 13:46:47
1360,rb2210,SHFE,0_0_     2029072,空,平今,5011.0,1,2022-04-14 13:46:47
1361,rb2210,SHFE,0_0_     2029072,空,平今,5011.0,1,2022-04-14 13:46:47
1362,rb2210,SHFE,0_0_     2029788,空,开,5011.0,4,2022-04-14 13:46:55
1363,rb2210,SHFE,0_0_     2036036,空,平今,5013.0,2,2022-04-14 13:48:06
1364,rb2210,SHFE,0_0_     2030094,多,平今,5011.0,1,2022-04-14 13:48:15
1365,rb2210,SHFE,0_0_     2036646,多,平今,5011.0,1,2022-04-14 13:48:19
1366,rb2210,SHFE,0_0_     2036785,多,平今,5011.0,2,2022-04-14 13:48:20
1367,rb2210,SHFE,0_0_     2036865,多,开,5011.0,3,2022-04-14 13:48:23
1368,rb2210,SHFE,0_0_     2037015,空,开,5011.0,4,2022-04-14 13:48:25
1369,rb2210,SHFE,0_0_     2037210,空,平今,5011.0,3,2022-04-14 13:48:31
1370,rb2210,SHFE,0_0_     2040675,多,平今,5016.0,4,2022-04-14 13:49:21
1371,rb2210,SHFE,0_0_     2041474,空,开,5016.0,2,2022-04-14 13:49:31
1372,rb2210,SHFE,0_0_     2026767,空,开,5018.0,2,2022-04-14 13:49:55
1373,rb2210,SHFE,0_0_     2044273,多,平今,5017.0,1,2022-04-14 13:50:07
1374,rb2210,SHFE,0_0_     2044273,多,平今,5017.0,1,2022-04-14 13:50:07
1375,rb2210,SHFE,0_0_     2044273,多,平今,5017.0,1,2022-04-14 13:50:08
1376,rb2210,SHFE,0_0_     2044273,多,平今,5017.0,1,2022-04-14 13:50:08
1377,rb2210,SHFE,0_0_     2046384,空,开,5016.0,2,2022-04-14 13:50:26
1378,rb2210,SHFE,0_0_     2046474,空,开,5016.0,1,2022-04-14 13:51:10
1379,rb2210,SHFE,0_0_     2050439,多,开,5016.0,3,2022-04-14 13:51:34
1380,rb2210,SHFE,0_0_     2051020,空,平今,5017.0,1,2022-04-14 13:51:36
1381,rb2210,SHFE,0_0_     2051020,空,平今,5017.0,2,2022-04-14 13:51:37
1382,rb2210,SHFE,0_0_     2051542,空,开,5017.0,1,2022-04-14 13:51:39
1383,rb2210,SHFE,0_0_     2051549,多,开,5016.0,1,2022-04-14 13:51:39
1384,rb2210,SHFE,0_0_     2051549,多,开,5016.0,2,2022-04-14 13:51:40
1385,rb2210,SHFE,0_0_     2051549,多,开,5016.0,5,2022-04-14 13:51:40
1386,rb2210,SHFE,0_0_     2051614,空,平今,5017.0,3,2022-04-14 13:51:40
1387,rb2210,SHFE,0_0_     2051614,空,平今,5017.0,1,2022-04-14 13:51:40
1388,rb2210,SHFE,0_0_     2051656,多,开,5016.0,4,2022-04-14 13:51:59
1389,rb2210,SHFE,0_0_     2053026,空,平今,5017.0,2,2022-04-14 13:51:59
1390,rb2210,SHFE,0_0_     2053026,空,平今,5017.0,2,2022-04-14 13:51:59
1391,rb2210,SHFE,0_0_     2053038,多,开,5016.0,4,2022-04-14 13:51:59
1392,rb2210,SHFE,0_0_     2053041,空,平今,5017.0,4,2022-04-14 13:51:59
1393,rb2210,SHFE,0_0_     2053699,空,平今,5016.0,2,2022-04-14 13:52:04
1394,rb2210,SHFE,0_0_     2054013,空,平今,5016.0,1,2022-04-14 13:52:08
1395,rb2210,SHFE,0_0_     2048435,多,平今,5014.0,1,2022-04-14 13:52:13
1396,rb2210,SHFE,0_0_     2054926,空,开,5015.0,2,2022-04-14 13:52:19
1397,rb2210,SHFE,0_0_     2054998,多,平今,5014.0,2,2022-04-14 13:52:32
1398,rb2210,SHFE,0_0_     2056515,多,平今,5014.0,1,2022-04-14 13:52:43
1399,rb2210,SHFE,0_0_     2057253,多,平今,5014.0,1,2022-04-14 13:52:52
1400,rb2210,SHFE,0_0_     2057379,空,开,5015.0,2,2022-04-14 13:53:13
1401,rb2210,SHFE,0_0_     2057379,空,开,5015.0,1,2022-04-14 13:53:13
1402,rb2210,SHFE,0_0_     2057379,空,开,5015.0,1,2022-04-14 13:53:14
1403,rb2210,SHFE,0_0_     2058713,多,平今,5014.0,1,2022-04-14 13:53:22
1404,rb2210,SHFE,0_0_     2059005,多,开,5014.0,7,2022-04-14 13:53:24
1405,rb2210,SHFE,0_0_     2059079,空,平今,5014.0,8,2022-04-14 13:53:25
1406,rb2210,SHFE,0_0_     2060070,多,平今,5014.0,1,2022-04-14 13:53:46
1407,rb2210,SHFE,0_0_     2060202,多,平今,5014.0,3,2022-04-14 13:53:46
1408,rb2210,SHFE,0_0_     2060432,空,开,5014.0,2,2022-04-14 13:53:46
1409,rb2210,SHFE,0_0_     2060952,多,平今,5017.0,1,2022-04-14 13:53:53
1410,rb2210,SHFE,0_0_     2060951,多,平今,5016.0,1,2022-04-14 13:57:45
1411,rb2210,SHFE,0_0_     2078925,空,开,5016.0,4,2022-04-14 13:58:04
1412,rb2210,SHFE,0_0_     2079239,多,平今,5016.0,4,2022-04-14 13:59:19
1413,rb2210,SHFE,0_0_     2084718,空,开,5017.0,4,2022-04-14 13:59:19
1414,rb2210,SHFE,0_0_     2085064,多,平今,5016.0,1,2022-04-14 13:59:27
1415,rb2210,SHFE,0_0_     2085352,空,开,5017.0,1,2022-04-14 13:59:29
1416,rb2210,SHFE,0_0_     2085584,多,平今,5016.0,2,2022-04-14 13:59:31
1417,rb2210,SHFE,0_0_     2085584,多,平今,5016.0,2,2022-04-14 13:59:31
1418,rb2210,SHFE,0_0_     2085628,空,开,5017.0,4,2022-04-14 13:59:33
1419,rb2210,SHFE,0_0_     2085933,多,平今,5016.0,4,2022-04-14 13:59:35
1420,rb2210,SHFE,0_0_     2060580,多,开,5015.0,4,2022-04-14 13:59:37
1421,rb2210,SHFE,0_0_     2086168,空,开,5017.0,4,2022-04-14 13:59:46
1422,rb2210,SHFE,0_0_     2087786,多,平今,5016.0,1,2022-04-14 13:59:57
1423,rb2210,SHFE,0_0_     2087930,空,平今,5017.0,1,2022-04-14 13:59:59
1424,rb2210,SHFE,0_0_     2088116,多,平今,5016.000000000001,2,2022-04-14 13:59:59
1425,rb2210,SHFE,0_0_     2088206,空,平今,5017.0,2,2022-04-14 14:00:00
1426,rb2210,SHFE,0_0_     2088323,多,平今,5016.0,1,2022-04-14 14:00:05
1427,rb2210,SHFE,0_0_     2089389,空,开,5017.0,6,2022-04-14 14:00:05
1428,rb2210,SHFE,0_0_     2060445,多,开,5014.0,4,2022-04-14 14:00:08
1429,rb2210,SHFE,0_0_     2038738,多,平今,5012.0,2,2022-04-14 14:00:11
1430,rb2210,SHFE,0_0_     2090785,多,平今,5012.0,1,2022-04-14 14:00:16
1431,rb2210,SHFE,0_0_     2090785,多,平今,5012.0,2,2022-04-14 14:00:16
1432,rb2210,SHFE,0_0_     2090785,多,平今,5012.0,1,2022-04-14 14:00:16
1433,rb2210,SHFE,0_0_     2091489,空,开,5011.0,2,2022-04-14 14:00:23
1434,rb2210,SHFE,0_0_     2091703,多,平今,5010.0,2,2022-04-14 14:00:23
1435,rb2210,SHFE,0_0_     2094360,多,平今,5009.0,1,2022-04-14 14:00:42
1436,rb2210,SHFE,0_0_     2095159,空,开,5008.0,1,2022-04-14 14:00:47
1437,rb2210,SHFE,0_0_     2095159,空,开,5008.0,1,2022-04-14 14:00:47
1438,rb2210,SHFE,0_0_     2095159,空,开,5008.0,1,2022-04-14 14:00:47
1439,rb2210,SHFE,0_0_     2098462,多,开,5009.0,1,2022-04-14 14:01:17
1440,rb2210,SHFE,0_0_     2104738,多,平今,5011.0,4,2022-04-14 14:02:21
1441,rb2210,SHFE,0_0_     2110188,空,平今,5009.0,1,2022-04-14 14:03:08
1442,rb2210,SHFE,0_0_     2111033,空,开,5009.0,1,2022-04-14 14:03:15
1443,rb2210,SHFE,0_0_     2111033,空,开,5009.0,1,2022-04-14 14:03:15
1444,rb2210,SHFE,0_0_     2111033,空,开,5009.0,1,2022-04-14 14:03:15
1445,rb2210,SHFE,0_0_     2091005,空,开,5013.0,1,2022-04-14 14:04:28
1446,rb2210,SHFE,0_0_     2117131,多,开,5012.0,1,2022-04-14 14:04:28
1447,rb2210,SHFE,0_0_     2117131,多,开,5012.0,2,2022-04-14 14:04:29
1448,rb2210,SHFE,0_0_     2116567,多,平今,5011.0,2,2022-04-14 14:04:48
1449,rb2210,SHFE,0_0_     2118841,空,平今,5012.0,2,2022-04-14 14:04:48
1450,rb2210,SHFE,0_0_     2122327,空,平今,5011.0,1,2022-04-14 14:05:14
1451,rb2210,SHFE,0_0_     2125089,多,开,5013.0,1,2022-04-14 14:05:38
1452,rb2210,SHFE,0_0_     2125089,多,开,5013.0,2,2022-04-14 14:05:38
1453,rb2210,SHFE,0_0_     2128334,空,平今,5012.0,1,2022-04-14 14:06:41
1454,rb2210,SHFE,0_0_     2132248,多,平今,5012.0,2,2022-04-14 14:07:00
1455,rb2210,SHFE,0_0_     2118751,空,平今,5014.0,4,2022-04-14 14:07:11
1456,rb2210,SHFE,0_0_     2136870,多,开,5014.0,1,2022-04-14 14:07:59
1457,rb2210,SHFE,0_0_     2137044,空,平今,5014.0,1,2022-04-14 14:08:00
1458,rb2210,SHFE,0_0_     2137044,空,平今,5014.0,3,2022-04-14 14:08:00
1459,rb2210,SHFE,0_0_     2133644,多,开,5013.0,4,2022-04-14 14:08:00
1460,rb2210,SHFE,0_0_     2137094,空,平今,5014.0,2,2022-04-14 14:08:01
1461,rb2210,SHFE,0_0_     2137094,空,平今,5014.0,1,2022-04-14 14:08:01
1462,rb2210,SHFE,0_0_     2137094,空,平今,5014.0,1,2022-04-14 14:08:01
1463,rb2210,SHFE,0_0_     2137951,空,开,5013.0,2,2022-04-14 14:08:21
1464,rb2210,SHFE,0_0_     2144401,多,平今,5010.0,2,2022-04-14 14:09:35
1465,rb2210,SHFE,0_0_     2144814,空,开,5010.0,2,2022-04-14 14:09:42
1466,rb2210,SHFE,0_0_     2145158,多,开,5010.0,3,2022-04-14 14:09:43
1467,rb2210,SHFE,0_0_     2145158,多,开,5010.0,1,2022-04-14 14:09:43
