,code,exchange,orderid,direction,offset,price,volume,datetime
0,rb2210,SHFE,0_0_      158006,空,开,5118.0,4,2022-04-06 21:19:47
1,rb2210,SHFE,0_0_      158006,空,开,5118.0,4,2022-04-06 21:19:47
2,rb2210,SHFE,0_0_      158222,多,平今,5117.0,1,2022-04-06 21:20:00
3,rb2210,SHFE,0_0_      160567,多,平今,5117.0,1,2022-04-06 21:20:01
4,rb2210,SHFE,0_0_      162772,多,平今,5116.0,3,2022-04-06 21:20:13
5,rb2210,SHFE,0_0_      162772,多,平今,5116.0,1,2022-04-06 21:20:13
6,rb2210,SHFE,0_0_      163314,空,开,5117.0,2,2022-04-06 21:20:13
7,rb2210,SHFE,0_0_      164485,多,平今,5116.0,4,2022-04-06 21:20:22
8,rb2210,SHFE,0_0_      165146,多,开,5116.0,1,2022-04-06 21:20:24
9,rb2210,SHFE,0_0_      166846,多,开,5117.0,3,2022-04-06 21:20:52
10,rb2210,SHFE,0_0_      169501,空,平今,5118.0,1,2022-04-06 21:20:58
11,rb2210,SHFE,0_0_      169501,空,平今,5118.0,2,2022-04-06 21:20:59
12,rb2210,SHFE,0_0_      174104,空,开,5115.0,1,2022-04-06 21:21:24
13,rb2210,SHFE,0_0_      174104,空,开,5115.0,1,2022-04-06 21:21:24
14,rb2210,SHFE,0_0_      174104,空,开,5115.0,2,2022-04-06 21:21:24
15,rb2210,SHFE,0_0_      183780,多,平今,5113.0,4,2022-04-06 21:22:13
16,rb2210,SHFE,0_0_      185463,空,开,5113.0,1,2022-04-06 21:22:23
17,rb2210,SHFE,0_0_      185463,空,开,5113.0,1,2022-04-06 21:22:23
18,rb2210,SHFE,0_0_      185772,多,平今,5113.0,1,2022-04-06 21:22:40
19,rb2210,SHFE,0_0_      187491,空,平今,5114.0,1,2022-04-06 21:22:42
20,rb2210,SHFE,0_0_      198732,空,开,5111.0,2,2022-04-06 21:24:15
21,rb2210,SHFE,0_0_      229251,空,开,5110.0,1,2022-04-06 21:27:20
22,rb2210,SHFE,0_0_      229251,空,开,5110.0,1,2022-04-06 21:27:20
23,rb2210,SHFE,0_0_      229251,空,开,5110.0,1,2022-04-06 21:27:20
24,rb2210,SHFE,0_0_      232223,空,开,5110.0,1,2022-04-06 21:27:25
25,rb2210,SHFE,0_0_      247142,空,开,5115.0,1,2022-04-06 21:28:53
26,rb2210,SHFE,0_0_      247250,多,平今,5115.0,2,2022-04-06 21:28:54
27,rb2210,SHFE,0_0_      247279,空,开,5116.0,2,2022-04-06 21:29:08
28,rb2210,SHFE,0_0_      249195,多,平今,5115.0,1,2022-04-06 21:29:08
29,rb2210,SHFE,0_0_      249195,多,平今,5115.0,1,2022-04-06 21:29:08
30,rb2210,SHFE,0_0_      257001,多,平今,5118.0,1,2022-04-06 21:30:03
31,rb2210,SHFE,0_0_      260345,多,平今,5120.0,1,2022-04-06 21:30:16
32,rb2210,SHFE,0_0_      266443,空,开,5122.000000000001,4,2022-04-06 21:30:53
33,rb2210,SHFE,0_0_      267154,多,平今,5121.0,1,2022-04-06 21:30:54
34,rb2210,SHFE,0_0_      267154,多,平今,5121.0,1,2022-04-06 21:30:54
35,rb2210,SHFE,0_0_      267154,多,平今,5121.0,2,2022-04-06 21:30:54
36,rb2210,SHFE,0_0_      306443,多,开,5117.0,8,2022-04-06 21:35:00
37,rb2210,SHFE,0_0_      307278,空,平今,5118.0,8,2022-04-06 21:35:04
38,rb2210,SHFE,0_0_      311025,多,平今,5119.0,1,2022-04-06 21:35:33
39,rb2210,SHFE,0_0_      311025,多,平今,5119.0,1,2022-04-06 21:35:34
40,rb2210,SHFE,0_0_      311025,多,平今,5119.0,1,2022-04-06 21:35:34
41,rb2210,SHFE,0_0_      311025,多,平今,5119.0,1,2022-04-06 21:35:35
42,rb2210,SHFE,0_0_      352453,多,开,5112.0,4,2022-04-06 21:40:07
43,rb2210,SHFE,0_0_      353405,空,平今,5113.0,1,2022-04-06 21:40:08
44,rb2210,SHFE,0_0_      353405,空,平今,5113.0,3,2022-04-06 21:40:08
45,rb2210,SHFE,0_0_      370063,空,开,5112.0,2,2022-04-06 21:41:53
46,rb2210,SHFE,0_0_      377092,多,开,5113.0,1,2022-04-06 21:42:36
47,rb2210,SHFE,0_0_      377092,多,开,5113.0,1,2022-04-06 21:42:36
48,rb2210,SHFE,0_0_      377092,多,开,5113.0,1,2022-04-06 21:42:36
49,rb2210,SHFE,0_0_      377092,多,开,5113.0,1,2022-04-06 21:42:36
50,rb2210,SHFE,0_0_      377092,多,开,5113.0,1,2022-04-06 21:42:37
51,rb2210,SHFE,0_0_      381540,空,平今,5113.0,3,2022-04-06 21:43:05
52,rb2210,SHFE,0_0_      401067,多,平今,5120.000000000001,2,2022-04-06 21:45:21
53,rb2210,SHFE,0_0_      401421,空,开,5120.0,3,2022-04-06 21:45:23
54,rb2210,SHFE,0_0_      401567,多,平今,5119.0,3,2022-04-06 21:45:24
55,rb2210,SHFE,0_0_      401755,空,开,5120.0,1,2022-04-06 21:45:28
56,rb2210,SHFE,0_0_      401755,空,开,5120.0,1,2022-04-06 21:45:28
57,rb2210,SHFE,0_0_      410667,多,开,5117.0,1,2022-04-06 21:46:26
58,rb2210,SHFE,0_0_      410667,多,开,5117.0,2,2022-04-06 21:46:27
59,rb2210,SHFE,0_0_      411140,空,平今,5118.0,1,2022-04-06 21:47:10
60,rb2210,SHFE,0_0_      401755,空,开,5120.0,1,2022-04-06 21:47:30
61,rb2210,SHFE,0_0_      418288,多,平今,5120.0,1,2022-04-06 21:47:42
62,rb2210,SHFE,0_0_      417767,多,平今,5119.0,1,2022-04-06 21:47:45
63,rb2210,SHFE,0_0_      419365,空,平今,5120.0,1,2022-04-06 21:47:54
64,rb2210,SHFE,0_0_      420448,多,开,5119.0,3,2022-04-06 21:48:00
65,rb2210,SHFE,0_0_      420926,空,平今,5120.0,2,2022-04-06 21:48:01
66,rb2210,SHFE,0_0_      422490,空,平今,5121.0,2,2022-04-06 21:48:08
67,rb2210,SHFE,0_0_      425321,空,开,5129.0,1,2022-04-06 21:48:27
68,rb2210,SHFE,0_0_      425321,空,开,5129.0,1,2022-04-06 21:48:27
69,rb2210,SHFE,0_0_      425321,空,开,5129.0,2,2022-04-06 21:48:27
70,rb2210,SHFE,0_0_      427701,多,开,5132.0,1,2022-04-06 21:48:43
71,rb2210,SHFE,0_0_      427701,多,开,5132.0,1,2022-04-06 21:48:43
72,rb2210,SHFE,0_0_      427701,多,开,5132.0,1,2022-04-06 21:48:43
73,rb2210,SHFE,0_0_      427701,多,开,5132.0,1,2022-04-06 21:48:43
74,rb2210,SHFE,0_0_      427701,多,开,5132.0,2,2022-04-06 21:48:44
75,rb2210,SHFE,0_0_      430676,多,平今,5133.0,4,2022-04-06 21:49:06
76,rb2210,SHFE,0_0_      430687,空,平今,5134.0,2,2022-04-06 21:49:06
77,rb2210,SHFE,0_0_      430687,空,平今,5134.0,2,2022-04-06 21:49:06
78,rb2210,SHFE,0_0_      430687,空,平今,5134.0,1,2022-04-06 21:49:06
79,rb2210,SHFE,0_0_      430687,空,平今,5134.0,3,2022-04-06 21:49:06
80,rb2210,SHFE,0_0_      430697,多,开,5133.0,8,2022-04-06 21:49:06
81,rb2210,SHFE,0_0_      430783,空,平今,5134.0,8,2022-04-06 21:49:06
82,rb2210,SHFE,0_0_      430784,多,开,5133.0,1,2022-04-06 21:49:07
83,rb2210,SHFE,0_0_      430784,多,开,5133.0,1,2022-04-06 21:49:07
84,rb2210,SHFE,0_0_      430784,多,开,5133.0,1,2022-04-06 21:49:07
85,rb2210,SHFE,0_0_      430784,多,开,5133.0,3,2022-04-06 21:49:07
86,rb2210,SHFE,0_0_      430784,多,开,5133.0,2,2022-04-06 21:49:07
87,rb2210,SHFE,0_0_      430870,空,平今,5134.0,5,2022-04-06 21:49:08
88,rb2210,SHFE,0_0_      433513,空,平今,5134.0,1,2022-04-06 21:49:32
89,rb2210,SHFE,0_0_      433513,空,平今,5134.0,1,2022-04-06 21:49:32
90,rb2210,SHFE,0_0_      433513,空,平今,5134.0,1,2022-04-06 21:49:32
91,rb2210,SHFE,0_0_      433821,多,开,5133.0,3,2022-04-06 21:49:32
92,rb2210,SHFE,0_0_      437354,多,开,5134.0,4,2022-04-06 21:50:01
93,rb2210,SHFE,0_0_      437385,空,平今,5135.0,7,2022-04-06 21:50:02
94,rb2210,SHFE,0_0_      437693,多,开,5134.0,3,2022-04-06 21:50:03
95,rb2210,SHFE,0_0_      437693,多,开,5134.0,1,2022-04-06 21:50:03
96,rb2210,SHFE,0_0_      437693,多,开,5134.0,1,2022-04-06 21:50:03
97,rb2210,SHFE,0_0_      437693,多,开,5134.0,2,2022-04-06 21:50:03
98,rb2210,SHFE,0_0_      438520,空,开,5131.0,1,2022-04-06 21:50:07
99,rb2210,SHFE,0_0_      438520,空,开,5131.0,1,2022-04-06 21:50:07
100,rb2210,SHFE,0_0_      438520,空,开,5131.0,1,2022-04-06 21:50:07
101,rb2210,SHFE,0_0_      438520,空,开,5131.0,1,2022-04-06 21:50:07
102,rb2210,SHFE,0_0_      438520,空,开,5131.0,1,2022-04-06 21:50:07
103,rb2210,SHFE,0_0_      438520,空,开,5131.0,1,2022-04-06 21:50:07
104,rb2210,SHFE,0_0_      444488,多,平今,5132.0,1,2022-04-06 21:50:56
105,rb2210,SHFE,0_0_      437765,空,平今,5135.0,7,2022-04-06 21:50:56
106,rb2210,SHFE,0_0_      444888,多,开,5134.0,1,2022-04-06 21:50:57
107,rb2210,SHFE,0_0_      444888,多,开,5134.0,6,2022-04-06 21:50:57
108,rb2210,SHFE,0_0_      444971,多,平今,5134.0,1,2022-04-06 21:51:00
109,rb2210,SHFE,0_0_      444971,多,平今,5134.0,1,2022-04-06 21:51:00
110,rb2210,SHFE,0_0_      444971,多,平今,5134.0,2,2022-04-06 21:51:00
111,rb2210,SHFE,0_0_      445452,空,平今,5135.000000000001,1,2022-04-06 21:51:01
112,rb2210,SHFE,0_0_      445452,空,平今,5135.0,1,2022-04-06 21:51:01
113,rb2210,SHFE,0_0_      445452,空,平今,5135.0,1,2022-04-06 21:51:01
114,rb2210,SHFE,0_0_      445452,空,平今,5135.0,1,2022-04-06 21:51:01
115,rb2210,SHFE,0_0_      445536,多,平今,5134.0,1,2022-04-06 21:51:13
116,rb2210,SHFE,0_0_      447516,空,平今,5135.0,1,2022-04-06 21:51:13
117,rb2210,SHFE,0_0_      449354,空,开,5132.0,1,2022-04-06 21:52:05
118,rb2210,SHFE,0_0_      449354,空,开,5132.0,1,2022-04-06 21:52:06
119,rb2210,SHFE,0_0_      449354,空,开,5132.0,1,2022-04-06 21:52:10
120,rb2210,SHFE,0_0_      449354,空,开,5132.0,1,2022-04-06 21:52:10
121,rb2210,SHFE,0_0_      455318,多,平今,5131.0,2,2022-04-06 21:52:10
122,rb2210,SHFE,0_0_      455380,空,平今,5132.0,1,2022-04-06 21:52:14
123,rb2210,SHFE,0_0_      455380,空,平今,5132.0,1,2022-04-06 21:52:14
124,rb2210,SHFE,0_0_      455981,多,平今,5131.0,2,2022-04-06 21:52:29
125,rb2210,SHFE,0_0_      457905,空,开,5132.0,2,2022-04-06 21:53:16
126,rb2210,SHFE,0_0_      457936,空,开,5132.0,1,2022-04-06 21:53:16
127,rb2210,SHFE,0_0_      463137,多,平今,5131.0,2,2022-04-06 21:53:21
128,rb2210,SHFE,0_0_      463137,多,平今,5131.0,1,2022-04-06 21:53:22
129,rb2210,SHFE,0_0_      464368,多,开,5131.0,1,2022-04-06 21:53:42
130,rb2210,SHFE,0_0_      465881,空,开,5130.0,1,2022-04-06 21:53:48
131,rb2210,SHFE,0_0_      425410,多,平今,5128.0,1,2022-04-06 21:54:01
132,rb2210,SHFE,0_0_      465663,空,平今,5132.0,1,2022-04-06 21:54:12
133,rb2210,SHFE,0_0_      469443,多,平今,5131.0,1,2022-04-06 21:54:13
134,rb2210,SHFE,0_0_      469453,空,开,5132.0,1,2022-04-06 21:54:13
135,rb2210,SHFE,0_0_      469513,多,平今,5131.0,1,2022-04-06 21:54:13
136,rb2210,SHFE,0_0_      469515,空,开,5132.0,1,2022-04-06 21:54:14
137,rb2210,SHFE,0_0_      469518,多,平今,5131.0,1,2022-04-06 21:54:16
138,rb2210,SHFE,0_0_      476487,多,开,5130.0,1,2022-04-06 21:55:19
139,rb2210,SHFE,0_0_      476487,多,开,5130.0,2,2022-04-06 21:55:19
140,rb2210,SHFE,0_0_      476487,多,开,5130.0,1,2022-04-06 21:55:19
141,rb2210,SHFE,0_0_      483495,空,平今,5131.0,1,2022-04-06 21:56:15
142,rb2210,SHFE,0_0_      483634,空,开,5131.0,4,2022-04-06 21:56:18
143,rb2210,SHFE,0_0_      491969,多,平今,5133.0,1,2022-04-06 21:57:53
144,rb2210,SHFE,0_0_      491969,多,平今,5133.0,1,2022-04-06 21:57:53
145,rb2210,SHFE,0_0_      499628,多,开,5129.0,3,2022-04-06 21:59:07
146,rb2210,SHFE,0_0_      499687,空,平今,5130.0,3,2022-04-06 21:59:42
147,rb2210,SHFE,0_0_      511324,多,平今,5132.0,2,2022-04-06 22:00:15
148,rb2210,SHFE,0_0_      519927,空,开,5131.0,6,2022-04-06 22:01:29
149,rb2210,SHFE,0_0_      519927,空,开,5131.0,2,2022-04-06 22:01:30
150,rb2210,SHFE,0_0_      553819,多,平今,5127.0,3,2022-04-06 22:06:02
151,rb2210,SHFE,0_0_      560724,空,平今,5127.0,1,2022-04-06 22:07:06
152,rb2210,SHFE,0_0_      560973,空,开,5127.0,2,2022-04-06 22:07:07
153,rb2210,SHFE,0_0_      561151,多,平今,5126.0,5,2022-04-06 22:07:08
154,rb2210,SHFE,0_0_      563724,空,开,5127.0,1,2022-04-06 22:07:54
155,rb2210,SHFE,0_0_      567723,空,开,5126.0,2,2022-04-06 22:08:17
156,rb2210,SHFE,0_0_      576522,空,开,5122.0,2,2022-04-06 22:09:38
157,rb2210,SHFE,0_0_      589930,空,平今,5131.0,2,2022-04-06 22:11:29
158,rb2210,SHFE,0_0_      590448,多,平今,5130.0,1,2022-04-06 22:11:34
159,rb2210,SHFE,0_0_      590448,多,平今,5130.0,1,2022-04-06 22:11:34
160,rb2210,SHFE,0_0_      596810,空,开,5131.0,1,2022-04-06 22:12:28
161,rb2210,SHFE,0_0_      596971,多,平今,5130.0,1,2022-04-06 22:12:29
162,rb2210,SHFE,0_0_      597094,空,开,5131.0,2,2022-04-06 22:12:34
163,rb2210,SHFE,0_0_      597715,多,平今,5130.0,1,2022-04-06 22:12:35
164,rb2210,SHFE,0_0_      597715,多,平今,5130.0,1,2022-04-06 22:12:35
165,rb2210,SHFE,0_0_      597715,多,平今,5130.0,1,2022-04-06 22:12:35
166,rb2210,SHFE,0_0_      597715,多,平今,5130.0,1,2022-04-06 22:12:36
167,rb2210,SHFE,0_0_      598306,多,平今,5130.0,2,2022-04-06 22:12:42
168,rb2210,SHFE,0_0_      598530,空,开,5131.0,2,2022-04-06 22:12:50
169,rb2210,SHFE,0_0_      599460,多,平今,5130.0,2,2022-04-06 22:12:54
170,rb2210,SHFE,0_0_      599899,空,开,5131.0,2,2022-04-06 22:13:10
171,rb2210,SHFE,0_0_      602243,多,平今,5130.0,1,2022-04-06 22:13:10
172,rb2210,SHFE,0_0_      602243,多,平今,5130.0,1,2022-04-06 22:13:10
173,rb2210,SHFE,0_0_      602263,空,开,5131.000000000001,1,2022-04-06 22:13:14
174,rb2210,SHFE,0_0_      612667,多,平今,5128.0,2,2022-04-06 22:14:43
175,rb2210,SHFE,0_0_      613939,空,开,5130.0,1,2022-04-06 22:16:14
176,rb2210,SHFE,0_0_      623209,多,平今,5129.0,1,2022-04-06 22:16:16
177,rb2210,SHFE,0_0_      633775,空,开,5132.0,1,2022-04-06 22:17:51
178,rb2210,SHFE,0_0_      634877,多,开,5131.0,4,2022-04-06 22:17:58
179,rb2210,SHFE,0_0_      671276,多,平今,5129.0,1,2022-04-06 22:23:16
180,rb2210,SHFE,0_0_      679797,多,开,5137.0,2,2022-04-06 22:24:28
181,rb2210,SHFE,0_0_      683585,空,平今,5140.0,2,2022-04-06 22:24:56
182,rb2210,SHFE,0_0_      684187,多,开,5139.000000000001,2,2022-04-06 22:24:58
183,rb2210,SHFE,0_0_      689007,空,平今,5138.0,4,2022-04-06 22:25:45
184,rb2210,SHFE,0_0_      692605,空,平今,5140.0,1,2022-04-06 22:26:19
185,rb2210,SHFE,0_0_      697353,空,开,5135.0,2,2022-04-06 22:27:09
186,rb2210,SHFE,0_0_      697353,空,开,5135.0,1,2022-04-06 22:27:10
187,rb2210,SHFE,0_0_      715218,空,平今,5133.0,1,2022-04-06 22:30:08
188,rb2210,SHFE,0_0_      715846,多,平今,5132.0,1,2022-04-06 22:30:08
189,rb2210,SHFE,0_0_      715909,空,开,5133.0,1,2022-04-06 22:30:13
190,rb2210,SHFE,0_0_      716922,多,平今,5132.0,1,2022-04-06 22:30:13
191,rb2210,SHFE,0_0_      718320,空,开,5131.0,4,2022-04-06 22:30:25
192,rb2210,SHFE,0_0_      726371,多,平今,5131.0,2,2022-04-06 22:31:09
193,rb2210,SHFE,0_0_      728216,多,开,5129.0,2,2022-04-06 22:31:26
194,rb2210,SHFE,0_0_      728216,多,开,5129.0,1,2022-04-06 22:31:26
195,rb2210,SHFE,0_0_      728216,多,开,5129.0,1,2022-04-06 22:31:26
196,rb2210,SHFE,0_0_      728216,多,开,5129.0,1,2022-04-06 22:31:26
197,rb2210,SHFE,0_0_      728251,多,开,5129.0,2,2022-04-06 22:31:27
198,rb2210,SHFE,0_0_      728892,空,平今,5129.0,5,2022-04-06 22:31:35
199,rb2210,SHFE,0_0_      728281,空,平今,5130.0,2,2022-04-06 22:31:41
200,rb2210,SHFE,0_0_      729799,多,开,5129.0,2,2022-04-06 22:31:46
201,rb2210,SHFE,0_0_      717108,空,开,5133.0,1,2022-04-06 22:33:33
202,rb2210,SHFE,0_0_      742538,多,开,5132.0,1,2022-04-06 22:33:34
203,rb2210,SHFE,0_0_      742538,多,开,5132.0,1,2022-04-06 22:33:34
204,rb2210,SHFE,0_0_      742723,多,平今,5132.0,1,2022-04-06 22:33:35
205,rb2210,SHFE,0_0_      782897,空,平今,5133.0,1,2022-04-06 22:39:41
206,rb2210,SHFE,0_0_      788412,空,平今,5135.0,2,2022-04-06 22:40:30
207,rb2210,SHFE,0_0_      789067,多,开,5134.0,2,2022-04-06 22:40:43
208,rb2210,SHFE,0_0_      753537,多,开,5130.0,2,2022-04-06 22:41:34
209,rb2210,SHFE,0_0_      796398,空,平今,5131.0,1,2022-04-06 22:41:36
210,rb2210,SHFE,0_0_      796398,空,平今,5131.0,1,2022-04-06 22:41:38
211,rb2210,SHFE,0_0_      796669,多,开,5130.0,1,2022-04-06 22:41:38
212,rb2210,SHFE,0_0_      799697,多,开,5131.0,1,2022-04-06 22:42:14
213,rb2210,SHFE,0_0_      727499,多,平今,5126.0,3,2022-04-06 22:42:37
214,rb2210,SHFE,0_0_      727499,多,平今,5126.0,1,2022-04-06 22:42:37
215,rb2210,SHFE,0_0_      805007,空,开,5124.0,1,2022-04-06 22:42:55
216,rb2210,SHFE,0_0_      802950,空,平今,5127.0,1,2022-04-06 22:43:18
217,rb2210,SHFE,0_0_      802950,空,平今,5127.0,1,2022-04-06 22:43:18
218,rb2210,SHFE,0_0_      802950,空,平今,5127.0,1,2022-04-06 22:43:18
219,rb2210,SHFE,0_0_      802950,空,平今,5127.0,1,2022-04-06 22:43:26
220,rb2210,SHFE,0_0_      809373,多,开,5126.0,1,2022-04-06 22:44:05
221,rb2210,SHFE,0_0_      805040,多,平今,5123.0,1,2022-04-06 22:45:01
222,rb2210,SHFE,0_0_      823834,多,开,5124.0,1,2022-04-06 22:45:43
223,rb2210,SHFE,0_0_      825720,空,平今,5125.0,1,2022-04-06 22:45:47
224,rb2210,SHFE,0_0_      813970,空,平今,5127.0,1,2022-04-06 22:45:52
225,rb2210,SHFE,0_0_      826203,多,开,5124.0,1,2022-04-06 22:46:31
226,rb2210,SHFE,0_0_      826203,多,开,5124.0,1,2022-04-06 22:46:31
227,rb2210,SHFE,0_0_      832706,空,平今,5124.0,1,2022-04-06 22:47:20
228,rb2210,SHFE,0_0_      839580,空,平今,5123.0,2,2022-04-06 22:47:38
229,rb2210,SHFE,0_0_      832497,空,开,5125.0,4,2022-04-06 22:47:48
230,rb2210,SHFE,0_0_      842109,多,平今,5124.0,2,2022-04-06 22:47:52
231,rb2210,SHFE,0_0_      843393,多,平今,5124.0,1,2022-04-06 22:48:23
232,rb2210,SHFE,0_0_      845747,空,开,5125.0,3,2022-04-06 22:48:26
233,rb2210,SHFE,0_0_      845881,多,平今,5124.0,3,2022-04-06 22:48:32
234,rb2210,SHFE,0_0_      846464,空,开,5125.0,3,2022-04-06 22:48:33
235,rb2210,SHFE,0_0_      846595,多,平今,5124.0,1,2022-04-06 22:48:37
236,rb2210,SHFE,0_0_      846595,多,平今,5124.0,1,2022-04-06 22:48:40
237,rb2210,SHFE,0_0_      846595,多,平今,5124.0,1,2022-04-06 22:48:41
238,rb2210,SHFE,0_0_      828566,空,开,5127.0,3,2022-04-06 22:48:58
239,rb2210,SHFE,0_0_      849278,多,平今,5126.0,3,2022-04-06 22:48:58
240,rb2210,SHFE,0_0_      840958,多,开,5122.0,2,2022-04-06 22:49:51
241,rb2210,SHFE,0_0_      855393,空,开,5122.0,1,2022-04-06 22:50:00
242,rb2210,SHFE,0_0_      855393,空,开,5122.0,1,2022-04-06 22:50:00
243,rb2210,SHFE,0_0_      855393,空,开,5122.0,1,2022-04-06 22:50:00
244,rb2210,SHFE,0_0_      855393,空,开,5122.0,1,2022-04-06 22:50:00
245,rb2210,SHFE,0_0_      855727,多,平今,5121.0,1,2022-04-06 22:50:00
246,rb2210,SHFE,0_0_      855727,多,平今,5121.0,1,2022-04-06 22:50:00
247,rb2210,SHFE,0_0_      855727,多,平今,5121.0,2,2022-04-06 22:50:00
248,rb2210,SHFE,0_0_      856330,多,平今,5119.0,1,2022-04-06 22:50:04
249,rb2210,SHFE,0_0_      858947,空,平今,5121.0,2,2022-04-06 22:50:50
250,rb2210,SHFE,0_0_      860771,多,开,5120.0,2,2022-04-06 22:50:53
251,rb2210,SHFE,0_0_      860993,空,平今,5121.0,2,2022-04-06 22:51:07
252,rb2210,SHFE,0_0_      862321,多,开,5120.0,2,2022-04-06 22:51:15
253,rb2210,SHFE,0_0_      863103,空,平今,5121.0,2,2022-04-06 22:51:22
254,rb2210,SHFE,0_0_      863508,多,开,5120.0,2,2022-04-06 22:51:33
255,rb2210,SHFE,0_0_      872748,多,开,5115.0,2,2022-04-06 22:52:35
256,rb2210,SHFE,0_0_      877221,空,平今,5114.000000000001,1,2022-04-06 22:53:08
257,rb2210,SHFE,0_0_      877225,多,开,5113.0,1,2022-04-06 22:53:19
258,rb2210,SHFE,0_0_      878684,空,平今,5114.0,1,2022-04-06 22:53:20
259,rb2210,SHFE,0_0_      885408,空,平今,5115.0,1,2022-04-06 22:54:25
260,rb2210,SHFE,0_0_      886106,多,开,5114.0,1,2022-04-06 22:55:03
261,rb2210,SHFE,0_0_      882949,多,开,5112.0,1,2022-04-06 22:55:13
262,rb2210,SHFE,0_0_      891356,空,平今,5112.0,1,2022-04-06 22:55:19
263,rb2210,SHFE,0_0_      892073,空,平今,5111.0,1,2022-04-06 22:55:27
264,rb2210,SHFE,0_0_      892073,空,平今,5111.0,1,2022-04-06 22:55:27
265,rb2210,SHFE,0_0_      892420,多,开,5110.0,1,2022-04-06 22:55:35
266,rb2210,SHFE,0_0_      895281,多,开,5110.0,3,2022-04-06 22:56:28
267,rb2210,SHFE,0_0_      899560,空,平今,5110.0,3,2022-04-06 22:56:33
268,rb2210,SHFE,0_0_      900793,多,开,5109.0,2,2022-04-06 22:56:46
269,rb2210,SHFE,0_0_      900812,空,平今,5110.0,1,2022-04-06 22:56:50
270,rb2210,SHFE,0_0_      900812,空,平今,5110.0,1,2022-04-06 22:56:50
271,rb2210,SHFE,0_0_      901252,空,平今,5108.0,2,2022-04-06 22:56:52
272,rb2210,SHFE,0_0_      901456,多,开,5106.000000000001,4,2022-04-06 22:56:54
273,rb2210,SHFE,0_0_      901522,空,平今,5107.0,2,2022-04-06 22:56:54
274,rb2210,SHFE,0_0_      901527,多,开,5106.0,2,2022-04-06 22:56:54
275,rb2210,SHFE,0_0_      901570,空,开,5107.0,1,2022-04-06 22:56:55
276,rb2210,SHFE,0_0_      901570,空,开,5107.0,5,2022-04-06 22:56:55
277,rb2210,SHFE,0_0_      901649,多,平今,5106.0,1,2022-04-06 22:56:55
278,rb2210,SHFE,0_0_      901649,多,平今,5106.0,1,2022-04-06 22:56:55
279,rb2210,SHFE,0_0_      901649,多,平今,5106.0,1,2022-04-06 22:56:55
280,rb2210,SHFE,0_0_      901649,多,平今,5106.0,3,2022-04-06 22:56:55
281,rb2210,SHFE,0_0_      901650,空,开,5107.0,2,2022-04-06 22:56:58
282,rb2210,SHFE,0_0_      901650,空,开,5107.0,1,2022-04-06 22:56:58
283,rb2210,SHFE,0_0_      901650,空,开,5107.0,1,2022-04-06 22:56:58
284,rb2210,SHFE,0_0_      901650,空,开,5107.0,1,2022-04-06 22:56:59
285,rb2210,SHFE,0_0_      901650,空,开,5107.0,1,2022-04-06 22:56:59
286,rb2210,SHFE,0_0_      903457,空,平今,5108.0,1,2022-04-06 22:57:09
287,rb2210,SHFE,0_0_      903655,多,平今,5107.0,1,2022-04-06 22:57:11
288,rb2210,SHFE,0_0_      903885,空,开,5106.0,1,2022-04-06 22:57:12
289,rb2210,SHFE,0_0_      903908,多,平今,5105.0,1,2022-04-06 22:57:13
290,rb2210,SHFE,0_0_      904159,多,平今,5105.0,2,2022-04-06 22:57:14
291,rb2210,SHFE,0_0_      904529,多,平今,5105.0,2,2022-04-06 22:57:16
292,rb2210,SHFE,0_0_      904926,空,开,5102.0,1,2022-04-06 22:57:19
293,rb2210,SHFE,0_0_      904926,空,开,5102.0,3,2022-04-06 22:57:19
294,rb2210,SHFE,0_0_      909063,空,开,5102.0,1,2022-04-06 22:57:56
295,rb2210,SHFE,0_0_      910715,多,平今,5099.0,3,2022-04-06 22:58:10
296,rb2210,SHFE,0_0_      910925,空,开,5100.0,1,2022-04-06 22:58:11
297,rb2210,SHFE,0_0_      910925,空,开,5100.0,1,2022-04-06 22:58:11
298,rb2210,SHFE,0_0_      910941,多,平今,5099.0,4,2022-04-06 22:58:12
299,rb2210,SHFE,0_0_      911679,空,开,5099.0,3,2022-04-06 22:58:17
300,rb2210,SHFE,0_0_      911803,多,平今,5097.0,1,2022-04-06 22:58:20
301,rb2210,SHFE,0_0_      911803,多,平今,5097.0,3,2022-04-06 22:58:20
302,rb2210,SHFE,0_0_      912078,空,平今,5097.0,1,2022-04-06 22:58:21
303,rb2210,SHFE,0_0_      915102,空,开,5106.0,7,2022-04-06 22:58:49
304,rb2210,SHFE,0_0_      915102,空,开,5106.0,1,2022-04-06 22:58:49
305,rb2210,SHFE,0_0_      915782,多,平今,5106.0,3,2022-04-06 22:58:56
306,rb2210,SHFE,0_0_      915782,多,平今,5106.0,1,2022-04-06 22:58:56
307,rb2210,SHFE,0_0_      915839,多,平今,5107.0,1,2022-04-06 22:58:57
308,rb2210,SHFE,0_0_      915839,多,平今,5107.0,1,2022-04-06 22:58:57
309,rb2210,SHFE,0_0_      916106,多,平今,5107.0,1,2022-04-06 22:58:59
310,rb2210,SHFE,0_0_     1302167,多,开,5103.0,1,2022-04-07 09:00:11
311,rb2210,SHFE,0_0_     1302167,多,开,5103.0,1,2022-04-07 09:00:11
312,rb2210,SHFE,0_0_     1302359,多,开,5104.0,4,2022-04-07 09:00:13
313,rb2210,SHFE,0_0_     1302401,空,平今,5105.0,2,2022-04-07 09:00:13
314,rb2210,SHFE,0_0_     1302401,空,平今,5105.0,1,2022-04-07 09:00:13
315,rb2210,SHFE,0_0_     1302401,空,平今,5105.0,1,2022-04-07 09:00:14
316,rb2210,SHFE,0_0_     1302434,多,平今,5104.0,1,2022-04-07 09:00:14
317,rb2210,SHFE,0_0_     1302469,空,平今,5105.0,1,2022-04-07 09:00:14
318,rb2210,SHFE,0_0_     1304591,空,平今,5104.0,1,2022-04-07 09:01:04
319,rb2210,SHFE,0_0_     1304868,空,平今,5103.0,1,2022-04-07 09:01:05
320,rb2210,SHFE,0_0_     1308315,多,开,5111.0,3,2022-04-07 09:02:45
321,rb2210,SHFE,0_0_     1308537,多,开,5111.0,3,2022-04-07 09:02:52
322,rb2210,SHFE,0_0_     1309017,空,平今,5109.0,1,2022-04-07 09:03:05
323,rb2210,SHFE,0_0_     1309017,空,平今,5109.0,1,2022-04-07 09:03:05
324,rb2210,SHFE,0_0_     1309017,空,平今,5109.0,1,2022-04-07 09:03:05
325,rb2210,SHFE,0_0_     1309017,空,平今,5109.0,1,2022-04-07 09:03:05
326,rb2210,SHFE,0_0_     1309157,空,平今,5108.0,1,2022-04-07 09:03:06
327,rb2210,SHFE,0_0_     1309157,空,平今,5108.0,2,2022-04-07 09:03:06
328,rb2210,SHFE,0_0_     1310826,空,开,5100.0,3,2022-04-07 09:03:47
329,rb2210,SHFE,0_0_     1311434,多,平今,5100.0,2,2022-04-07 09:03:59
330,rb2210,SHFE,0_0_     1311693,多,平今,5099.0,1,2022-04-07 09:04:03
331,rb2210,SHFE,0_0_     1311779,空,开,5099.0,2,2022-04-07 09:04:07
332,rb2210,SHFE,0_0_     1311924,多,开,5098.0,6,2022-04-07 09:04:07
333,rb2210,SHFE,0_0_     1311925,空,平今,5099.0,1,2022-04-07 09:04:07
334,rb2210,SHFE,0_0_     1311925,空,平今,5099.0,1,2022-04-07 09:04:07
335,rb2210,SHFE,0_0_     1311925,空,平今,5099.0,1,2022-04-07 09:04:11
336,rb2210,SHFE,0_0_     1311925,空,平今,5099.0,1,2022-04-07 09:04:12
337,rb2210,SHFE,0_0_     1311925,空,平今,5099.0,1,2022-04-07 09:04:12
338,rb2210,SHFE,0_0_     1311925,空,平今,5099.0,1,2022-04-07 09:04:12
339,rb2210,SHFE,0_0_     1312240,多,平今,5098.0,2,2022-04-07 09:04:12
340,rb2210,SHFE,0_0_     1312781,多,开,5101.0,4,2022-04-07 09:04:24
341,rb2210,SHFE,0_0_     1312961,多,开,5102.0,1,2022-04-07 09:04:27
342,rb2210,SHFE,0_0_     1316593,多,开,5103.0,2,2022-04-07 09:05:15
343,rb2210,SHFE,0_0_     1317373,空,平今,5106.0,2,2022-04-07 09:05:26
344,rb2210,SHFE,0_0_     1317373,空,平今,5106.0,2,2022-04-07 09:05:26
345,rb2210,SHFE,0_0_     1317597,多,开,5105.0,4,2022-04-07 09:05:26
346,rb2210,SHFE,0_0_     1317646,空,平今,5106.0,4,2022-04-07 09:05:27
347,rb2210,SHFE,0_0_     1330528,空,平今,5106.0,1,2022-04-07 09:08:13
348,rb2210,SHFE,0_0_     1330609,多,开,5105.0,1,2022-04-07 09:08:24
349,rb2210,SHFE,0_0_     1334355,空,开,5103.0,2,2022-04-07 09:08:52
350,rb2210,SHFE,0_0_     1334355,空,开,5103.0,2,2022-04-07 09:08:52
351,rb2210,SHFE,0_0_     1336284,空,平今,5103.0,1,2022-04-07 09:09:09
352,rb2210,SHFE,0_0_     1341089,多,平今,5097.0,2,2022-04-07 09:09:49
353,rb2210,SHFE,0_0_     1341163,多,平今,5097.0,2,2022-04-07 09:09:50
354,rb2210,SHFE,0_0_     1355714,空,开,5101.0,1,2022-04-07 09:11:19
355,rb2210,SHFE,0_0_     1355714,空,开,5101.0,1,2022-04-07 09:11:19
356,rb2210,SHFE,0_0_     1355714,空,开,5101.0,1,2022-04-07 09:11:19
357,rb2210,SHFE,0_0_     1355714,空,开,5101.0,1,2022-04-07 09:11:19
358,rb2210,SHFE,0_0_     1346772,多,开,5099.0,1,2022-04-07 09:11:23
359,rb2210,SHFE,0_0_     1346772,多,开,5099.0,1,2022-04-07 09:11:25
360,rb2210,SHFE,0_0_     1356775,空,平今,5100.000000000001,1,2022-04-07 09:11:26
361,rb2210,SHFE,0_0_     1355714,空,开,5101.0,1,2022-04-07 09:11:26
362,rb2210,SHFE,0_0_     1357094,多,平今,5099.0,1,2022-04-07 09:11:28
363,rb2210,SHFE,0_0_     1357111,多,平今,5099.0,4,2022-04-07 09:11:28
364,rb2210,SHFE,0_0_     1357377,空,开,5100.0,1,2022-04-07 09:11:28
365,rb2210,SHFE,0_0_     1357377,空,开,5100.0,1,2022-04-07 09:11:28
366,rb2210,SHFE,0_0_     1357377,空,开,5100.0,1,2022-04-07 09:11:28
367,rb2210,SHFE,0_0_     1357377,空,开,5100.0,1,2022-04-07 09:11:28
368,rb2210,SHFE,0_0_     1357377,空,开,5100.0,1,2022-04-07 09:11:28
369,rb2210,SHFE,0_0_     1365320,多,平今,5093.0,4,2022-04-07 09:12:09
370,rb2210,SHFE,0_0_     1366093,空,开,5093.0,3,2022-04-07 09:12:14
371,rb2210,SHFE,0_0_     1366133,空,开,5093.0,1,2022-04-07 09:12:15
372,rb2210,SHFE,0_0_     1366133,空,开,5093.0,1,2022-04-07 09:12:15
373,rb2210,SHFE,0_0_     1366133,空,开,5093.0,1,2022-04-07 09:12:15
374,rb2210,SHFE,0_0_     1366133,空,开,5093.0,1,2022-04-07 09:12:15
375,rb2210,SHFE,0_0_     1366113,多,平今,5092.0,3,2022-04-07 09:12:15
376,rb2210,SHFE,0_0_     1366403,多,平今,5091.0,4,2022-04-07 09:12:17
377,rb2210,SHFE,0_0_     1366547,空,平今,5091.0,1,2022-04-07 09:12:17
378,rb2210,SHFE,0_0_     1366445,空,开,5092.0,4,2022-04-07 09:12:18
379,rb2210,SHFE,0_0_     1366849,多,平今,5091.0,4,2022-04-07 09:12:18
380,rb2210,SHFE,0_0_     1366861,空,开,5092.0,4,2022-04-07 09:12:22
381,rb2210,SHFE,0_0_     1369964,多,平今,5093.0,1,2022-04-07 09:12:41
382,rb2210,SHFE,0_0_     1370024,多,平今,5093.0,1,2022-04-07 09:12:41
383,rb2210,SHFE,0_0_     1372435,多,开,5094.0,3,2022-04-07 09:13:02
384,rb2210,SHFE,0_0_     1372435,多,开,5094.0,1,2022-04-07 09:13:02
385,rb2210,SHFE,0_0_     1378637,多,平今,5093.0,2,2022-04-07 09:13:42
386,rb2210,SHFE,0_0_     1379466,空,平今,5093.0,1,2022-04-07 09:13:48
387,rb2210,SHFE,0_0_     1379466,空,平今,5093.0,1,2022-04-07 09:13:48
388,rb2210,SHFE,0_0_     1379466,空,平今,5093.0,1,2022-04-07 09:13:48
389,rb2210,SHFE,0_0_     1379466,空,平今,5093.0,1,2022-04-07 09:13:48
390,rb2210,SHFE,0_0_     1380117,多,开,5093.0,1,2022-04-07 09:13:56
391,rb2210,SHFE,0_0_     1367516,多,平今,5091.0,1,2022-04-07 09:13:58
392,rb2210,SHFE,0_0_     1380307,空,开,5092.0,4,2022-04-07 09:14:18
393,rb2210,SHFE,0_0_     1382838,多,平今,5092.0,1,2022-04-07 09:14:19
394,rb2210,SHFE,0_0_     1382838,多,平今,5092.0,1,2022-04-07 09:14:19
395,rb2210,SHFE,0_0_     1382838,多,平今,5092.0,2,2022-04-07 09:14:19
396,rb2210,SHFE,0_0_     1384025,多,开,5094.0,1,2022-04-07 09:14:27
397,rb2210,SHFE,0_0_     1387558,空,开,5092.0,8,2022-04-07 09:14:53
398,rb2210,SHFE,0_0_     1414834,空,平今,5091.0,1,2022-04-07 09:17:57
399,rb2210,SHFE,0_0_     1415791,空,平今,5091.0,1,2022-04-07 09:18:03
400,rb2210,SHFE,0_0_     1415878,空,平今,5091.0,1,2022-04-07 09:18:04
401,rb2210,SHFE,0_0_     1415878,空,平今,5091.0,1,2022-04-07 09:18:04
402,rb2210,SHFE,0_0_     1416814,多,平今,5090.000000000001,2,2022-04-07 09:19:02
403,rb2210,SHFE,0_0_     1425226,多,平今,5089.0,4,2022-04-07 09:19:07
404,rb2210,SHFE,0_0_     1425811,多,平今,5088.0,1,2022-04-07 09:19:13
405,rb2210,SHFE,0_0_     1425848,多,开,5088.0,2,2022-04-07 09:19:13
406,rb2210,SHFE,0_0_     1425737,空,开,5089.0,4,2022-04-07 09:19:16
407,rb2210,SHFE,0_0_     1425894,空,平今,5089.0,1,2022-04-07 09:19:16
408,rb2210,SHFE,0_0_     1426255,多,平今,5088.0,1,2022-04-07 09:19:24
409,rb2210,SHFE,0_0_     1426255,多,平今,5088.0,4,2022-04-07 09:19:24
410,rb2210,SHFE,0_0_     1426275,多,开,5088.0,2,2022-04-07 09:19:24
411,rb2210,SHFE,0_0_     1427181,多,开,5088.0,4,2022-04-07 09:19:25
412,rb2210,SHFE,0_0_     1427129,空,开,5089.0,3,2022-04-07 09:19:25
413,rb2210,SHFE,0_0_     1427129,空,开,5089.0,1,2022-04-07 09:19:25
414,rb2210,SHFE,0_0_     1427129,空,开,5089.0,1,2022-04-07 09:19:25
415,rb2210,SHFE,0_0_     1427129,空,开,5089.0,2,2022-04-07 09:19:25
416,rb2210,SHFE,0_0_     1428278,多,平今,5087.0,1,2022-04-07 09:19:30
417,rb2210,SHFE,0_0_     1428440,空,平今,5088.0,3,2022-04-07 09:19:34
418,rb2210,SHFE,0_0_     1428702,多,平今,5087.0,1,2022-04-07 09:19:37
419,rb2210,SHFE,0_0_     1428702,多,平今,5087.0,1,2022-04-07 09:19:37
420,rb2210,SHFE,0_0_     1428702,多,平今,5087.0,1,2022-04-07 09:19:37
421,rb2210,SHFE,0_0_     1430650,空,开,5086.0,1,2022-04-07 09:19:53
422,rb2210,SHFE,0_0_     1431570,多,平今,5085.0,2,2022-04-07 09:19:54
423,rb2210,SHFE,0_0_     1431703,空,开,5086.0,2,2022-04-07 09:19:57
424,rb2210,SHFE,0_0_     1431954,多,平今,5085.0,1,2022-04-07 09:20:00
425,rb2210,SHFE,0_0_     1431954,多,平今,5085.0,1,2022-04-07 09:20:00
426,rb2210,SHFE,0_0_     1432478,空,开,5086.0,2,2022-04-07 09:20:00
427,rb2210,SHFE,0_0_     1432543,多,平今,5086.0,3,2022-04-07 09:20:01
428,rb2210,SHFE,0_0_     1432543,多,平今,5086.0,1,2022-04-07 09:20:01
429,rb2210,SHFE,0_0_     1433573,多,开,5086.0,1,2022-04-07 09:20:06
430,rb2210,SHFE,0_0_     1433739,空,开,5087.0,1,2022-04-07 09:20:09
431,rb2210,SHFE,0_0_     1433739,空,开,5087.0,1,2022-04-07 09:20:10
432,rb2210,SHFE,0_0_     1433739,空,开,5087.0,1,2022-04-07 09:20:10
433,rb2210,SHFE,0_0_     1433739,空,开,5087.0,1,2022-04-07 09:20:10
434,rb2210,SHFE,0_0_     1429077,空,开,5088.0,4,2022-04-07 09:20:13
435,rb2210,SHFE,0_0_     1427229,空,平今,5089.0,4,2022-04-07 09:20:15
436,rb2210,SHFE,0_0_     1435581,多,平今,5089.000000000001,1,2022-04-07 09:20:16
437,rb2210,SHFE,0_0_     1435627,多,平今,5089.000000000001,2,2022-04-07 09:20:17
438,rb2210,SHFE,0_0_     1435853,多,平今,5089.0,3,2022-04-07 09:20:19
439,rb2210,SHFE,0_0_     1435268,多,平今,5087.0,1,2022-04-07 09:20:40
440,rb2210,SHFE,0_0_     1438665,空,平今,5088.0,1,2022-04-07 09:20:40
441,rb2210,SHFE,0_0_     1447860,多,开,5091.0,4,2022-04-07 09:21:46
442,rb2210,SHFE,0_0_     1449099,多,平今,5092.0,1,2022-04-07 09:21:58
443,rb2210,SHFE,0_0_     1453791,空,平今,5090.0,1,2022-04-07 09:22:35
444,rb2210,SHFE,0_0_     1453791,空,平今,5090.0,3,2022-04-07 09:22:39
445,rb2210,SHFE,0_0_     1454212,多,开,5089.0,3,2022-04-07 09:22:41
446,rb2210,SHFE,0_0_     1454421,空,开,5090.0,3,2022-04-07 09:22:42
447,rb2210,SHFE,0_0_     1454421,空,开,5090.0,1,2022-04-07 09:22:42
448,rb2210,SHFE,0_0_     1455263,多,平今,5091.0,1,2022-04-07 09:22:50
449,rb2210,SHFE,0_0_     1457195,多,平今,5091.0,2,2022-04-07 09:23:10
450,rb2210,SHFE,0_0_     1463575,空,开,5090.0,6,2022-04-07 09:23:52
451,rb2210,SHFE,0_0_     1465073,多,平今,5089.0,2,2022-04-07 09:23:58
452,rb2210,SHFE,0_0_     1472599,多,平今,5089.0,1,2022-04-07 09:24:38
453,rb2210,SHFE,0_0_     1472599,多,平今,5089.0,1,2022-04-07 09:24:38
454,rb2210,SHFE,0_0_     1476691,空,平今,5088.0,1,2022-04-07 09:25:07
455,rb2210,SHFE,0_0_     1481528,多,平今,5086.0,1,2022-04-07 09:25:36
456,rb2210,SHFE,0_0_     1481528,多,平今,5086.0,1,2022-04-07 09:25:36
457,rb2210,SHFE,0_0_     1482993,空,开,5086.0,3,2022-04-07 09:25:45
458,rb2210,SHFE,0_0_     1486161,空,开,5087.0,4,2022-04-07 09:26:02
459,rb2210,SHFE,0_0_     1490185,多,平今,5083.0,5,2022-04-07 09:26:28
460,rb2210,SHFE,0_0_     1490262,空,开,5084.0,5,2022-04-07 09:26:28
461,rb2210,SHFE,0_0_     1490386,多,开,5083.0,1,2022-04-07 09:26:29
462,rb2210,SHFE,0_0_     1490386,多,开,5083.0,1,2022-04-07 09:26:29
463,rb2210,SHFE,0_0_     1490386,多,开,5083.0,2,2022-04-07 09:26:29
464,rb2210,SHFE,0_0_     1490544,多,平今,5083.0,1,2022-04-07 09:26:29
465,rb2210,SHFE,0_0_     1490715,空,开,5082.0,1,2022-04-07 09:26:31
466,rb2210,SHFE,0_0_     1490813,多,平今,5081.0,1,2022-04-07 09:26:32
467,rb2210,SHFE,0_0_     1493516,空,平今,5081.0,4,2022-04-07 09:26:55
468,rb2210,SHFE,0_0_     1494089,多,平今,5079.0,3,2022-04-07 09:26:59
469,rb2210,SHFE,0_0_     1495328,多,平今,5076.0,4,2022-04-07 09:27:08
470,rb2210,SHFE,0_0_     1496828,多,开,5070.0,4,2022-04-07 09:27:20
471,rb2210,SHFE,0_0_     1496975,空,平今,5071.0,4,2022-04-07 09:27:20
472,rb2210,SHFE,0_0_     1497105,多,开,5070.0,1,2022-04-07 09:27:23
473,rb2210,SHFE,0_0_     1497218,空,平今,5071.0,1,2022-04-07 09:27:23
474,rb2210,SHFE,0_0_     1497306,空,平今,5071.0,1,2022-04-07 09:27:23
475,rb2210,SHFE,0_0_     1497816,空,开,5071.0,1,2022-04-07 09:27:26
476,rb2210,SHFE,0_0_     1497816,空,开,5071.0,3,2022-04-07 09:27:26
477,rb2210,SHFE,0_0_     1497874,多,平今,5070.0,4,2022-04-07 09:27:29
478,rb2210,SHFE,0_0_     1498816,空,开,5071.0,2,2022-04-07 09:27:29
479,rb2210,SHFE,0_0_     1500305,多,平今,5072.0,1,2022-04-07 09:27:38
480,rb2210,SHFE,0_0_     1500570,多,开,5072.0,2,2022-04-07 09:27:41
481,rb2210,SHFE,0_0_     1501125,多,开,5072.0,2,2022-04-07 09:27:48
482,rb2210,SHFE,0_0_     1501969,多,开,5072.0,2,2022-04-07 09:27:49
483,rb2210,SHFE,0_0_     1502475,空,平今,5072.0,5,2022-04-07 09:27:51
484,rb2210,SHFE,0_0_     1503003,空,开,5070.000000000001,3,2022-04-07 09:27:57
485,rb2210,SHFE,0_0_     1502155,空,平今,5073.0,1,2022-04-07 09:28:05
486,rb2210,SHFE,0_0_     1502155,空,平今,5073.0,1,2022-04-07 09:28:05
487,rb2210,SHFE,0_0_     1504102,多,平今,5072.0,2,2022-04-07 09:28:05
488,rb2210,SHFE,0_0_     1515249,多,平今,5067.0,2,2022-04-07 09:29:17
489,rb2210,SHFE,0_0_     1515407,空,开,5067.0,3,2022-04-07 09:29:18
490,rb2210,SHFE,0_0_     1515252,空,开,5068.0,2,2022-04-07 09:29:22
491,rb2210,SHFE,0_0_     1515406,空,开,5068.0,1,2022-04-07 09:29:23
492,rb2210,SHFE,0_0_     1516481,多,平今,5067.0,1,2022-04-07 09:29:25
493,rb2210,SHFE,0_0_     1516557,多,平今,5067.0,2,2022-04-07 09:29:25
494,rb2210,SHFE,0_0_     1516989,空,开,5067.0,1,2022-04-07 09:29:28
495,rb2210,SHFE,0_0_     1516694,空,开,5068.0,2,2022-04-07 09:29:34
496,rb2210,SHFE,0_0_     1517768,多,平今,5067.0,6,2022-04-07 09:29:34
497,rb2210,SHFE,0_0_     1519825,多,开,5066.0,8,2022-04-07 09:29:47
498,rb2210,SHFE,0_0_     1520107,空,平今,5067.0,4,2022-04-07 09:29:49
499,rb2210,SHFE,0_0_     1520407,空,平今,5067.0,1,2022-04-07 09:29:50
500,rb2210,SHFE,0_0_     1520407,空,平今,5067.0,1,2022-04-07 09:29:50
501,rb2210,SHFE,0_0_     1520407,空,平今,5067.0,1,2022-04-07 09:29:50
502,rb2210,SHFE,0_0_     1520576,多,开,5066.0,3,2022-04-07 09:29:52
503,rb2210,SHFE,0_0_     1520576,多,开,5066.0,3,2022-04-07 09:29:52
504,rb2210,SHFE,0_0_     1520576,多,开,5066.0,1,2022-04-07 09:29:52
505,rb2210,SHFE,0_0_     1520640,空,平今,5066.0,5,2022-04-07 09:29:52
506,rb2210,SHFE,0_0_     1520641,空,开,5067.0,4,2022-04-07 09:29:54
507,rb2210,SHFE,0_0_     1521416,空,平今,5067.0,1,2022-04-07 09:29:56
508,rb2210,SHFE,0_0_     1521519,空,平今,5067.0,2,2022-04-07 09:29:57
509,rb2210,SHFE,0_0_     1522148,多,开,5067.0,8,2022-04-07 09:30:00
510,rb2210,SHFE,0_0_     1504143,空,开,5073.0,2,2022-04-07 09:30:26
511,rb2210,SHFE,0_0_     1527185,多,平今,5072.0,2,2022-04-07 09:30:27
512,rb2210,SHFE,0_0_     1527486,多,平今,5072.0,1,2022-04-07 09:30:29
513,rb2210,SHFE,0_0_     1527823,空,平今,5072.0,1,2022-04-07 09:30:32
514,rb2210,SHFE,0_0_     1528764,空,平今,5072.0,1,2022-04-07 09:30:38
515,rb2210,SHFE,0_0_     1529591,空,平今,5071.0,1,2022-04-07 09:30:42
516,rb2210,SHFE,0_0_     1529591,空,平今,5071.0,2,2022-04-07 09:30:42
517,rb2210,SHFE,0_0_     1529376,空,平今,5072.0,1,2022-04-07 09:30:56
518,rb2210,SHFE,0_0_     1529376,空,平今,5072.0,1,2022-04-07 09:30:56
519,rb2210,SHFE,0_0_     1529376,空,平今,5072.0,1,2022-04-07 09:30:57
520,rb2210,SHFE,0_0_     1532409,多,平今,5071.0,1,2022-04-07 09:30:57
521,rb2210,SHFE,0_0_     1532666,多,开,5071.0,7,2022-04-07 09:30:59
522,rb2210,SHFE,0_0_     1538296,空,平今,5073.0,3,2022-04-07 09:31:26
523,rb2210,SHFE,0_0_     1538296,空,平今,5073.0,1,2022-04-07 09:31:26
524,rb2210,SHFE,0_0_     1540060,多,开,5072.0,3,2022-04-07 09:32:00
525,rb2210,SHFE,0_0_     1553058,空,平今,5079.0,6,2022-04-07 09:32:54
526,rb2210,SHFE,0_0_     1550547,多,平今,5078.0,1,2022-04-07 09:32:55
527,rb2210,SHFE,0_0_     1550547,多,平今,5078.0,1,2022-04-07 09:33:00
528,rb2210,SHFE,0_0_     1553929,空,开,5079.0,1,2022-04-07 09:33:00
529,rb2210,SHFE,0_0_     1555953,空,开,5079.0,4,2022-04-07 09:33:15
530,rb2210,SHFE,0_0_     1556494,空,开,5079.0,1,2022-04-07 09:33:17
531,rb2210,SHFE,0_0_     1562461,多,开,5082.0,8,2022-04-07 09:34:09
532,rb2210,SHFE,0_0_     1564200,空,平今,5086.0,4,2022-04-07 09:34:21
533,rb2210,SHFE,0_0_     1564223,多,开,5085.0,4,2022-04-07 09:34:46
534,rb2210,SHFE,0_0_     1568635,空,平今,5086.0,4,2022-04-07 09:34:47
535,rb2210,SHFE,0_0_     1568897,多,开,5085.0,4,2022-04-07 09:34:47
536,rb2210,SHFE,0_0_     1562074,多,平今,5080.0,5,2022-04-07 09:35:08
537,rb2210,SHFE,0_0_     1572229,空,平今,5083.0,3,2022-04-07 09:35:11
538,rb2210,SHFE,0_0_     1572229,空,平今,5083.0,1,2022-04-07 09:35:11
539,rb2210,SHFE,0_0_     1573280,空,平今,5082.0,1,2022-04-07 09:35:16
540,rb2210,SHFE,0_0_     1573678,多,平今,5081.0,1,2022-04-07 09:35:16
541,rb2210,SHFE,0_0_     1573732,空,平今,5082.0,1,2022-04-07 09:35:17
542,rb2210,SHFE,0_0_     1573966,多,开,5081.0,5,2022-04-07 09:35:18
543,rb2210,SHFE,0_0_     1574550,空,开,5080.0,4,2022-04-07 09:35:21
544,rb2210,SHFE,0_0_     1579324,多,平今,5083.0,4,2022-04-07 09:35:45
545,rb2210,SHFE,0_0_     1585732,空,平今,5080.0,4,2022-04-07 09:36:26
546,rb2210,SHFE,0_0_     1585759,多,开,5079.0,3,2022-04-07 09:36:30
547,rb2210,SHFE,0_0_     1585759,多,开,5079.0,1,2022-04-07 09:36:30
548,rb2210,SHFE,0_0_     1586249,空,平今,5080.0,4,2022-04-07 09:36:32
549,rb2210,SHFE,0_0_     1596432,空,平今,5089.0,1,2022-04-07 09:37:35
550,rb2210,SHFE,0_0_     1597151,空,开,5088.0,3,2022-04-07 09:37:39
551,rb2210,SHFE,0_0_     1597151,空,开,5088.0,1,2022-04-07 09:37:39
552,rb2210,SHFE,0_0_     1597151,空,开,5088.0,3,2022-04-07 09:37:39
553,rb2210,SHFE,0_0_     1597151,空,开,5088.0,1,2022-04-07 09:37:39
554,rb2210,SHFE,0_0_     1597233,多,平今,5087.0,1,2022-04-07 09:37:43
555,rb2210,SHFE,0_0_     1598170,空,平今,5088.0,2,2022-04-07 09:37:46
556,rb2210,SHFE,0_0_     1599887,多,开,5089.0,8,2022-04-07 09:37:53
557,rb2210,SHFE,0_0_     1599957,空,平今,5090.0,3,2022-04-07 09:37:54
558,rb2210,SHFE,0_0_     1600052,多,平今,5089.0,1,2022-04-07 09:37:54
559,rb2210,SHFE,0_0_     1600071,空,平今,5090.0,1,2022-04-07 09:37:54
560,rb2210,SHFE,0_0_     1600072,多,平今,5089.0,1,2022-04-07 09:38:07
561,rb2210,SHFE,0_0_     1604861,多,平今,5091.0,2,2022-04-07 09:38:25
562,rb2210,SHFE,0_0_     1605786,多,开,5092.0,2,2022-04-07 09:38:28
563,rb2210,SHFE,0_0_     1605786,多,开,5092.0,2,2022-04-07 09:38:28
564,rb2210,SHFE,0_0_     1606885,空,平今,5093.0,4,2022-04-07 09:38:36
565,rb2210,SHFE,0_0_     1606885,空,平今,5093.0,2,2022-04-07 09:38:36
566,rb2210,SHFE,0_0_     1606885,空,平今,5093.0,2,2022-04-07 09:38:36
567,rb2210,SHFE,0_0_     1607450,多,开,5093.0,7,2022-04-07 09:38:39
568,rb2210,SHFE,0_0_     1607450,多,开,5093.0,1,2022-04-07 09:38:39
569,rb2210,SHFE,0_0_     1607705,空,平今,5094.0,4,2022-04-07 09:38:41
570,rb2210,SHFE,0_0_     1608712,空,平今,5094.0,3,2022-04-07 09:38:45
571,rb2210,SHFE,0_0_     1609502,多,开,5095.0,1,2022-04-07 09:38:50
572,rb2210,SHFE,0_0_     1610380,空,平今,5096.0,1,2022-04-07 09:38:55
573,rb2210,SHFE,0_0_     1611184,多,开,5095.0,3,2022-04-07 09:39:02
574,rb2210,SHFE,0_0_     1611184,多,开,5095.0,1,2022-04-07 09:39:02
575,rb2210,SHFE,0_0_     1611881,多,开,5095.0,1,2022-04-07 09:39:02
576,rb2210,SHFE,0_0_     1611898,空,平今,5096.0,1,2022-04-07 09:39:03
577,rb2210,SHFE,0_0_     1612102,多,开,5095.0,3,2022-04-07 09:39:04
578,rb2210,SHFE,0_0_     1612286,空,平今,5095.0,1,2022-04-07 09:39:06
579,rb2210,SHFE,0_0_     1612286,空,平今,5095.0,1,2022-04-07 09:39:06
580,rb2210,SHFE,0_0_     1612286,空,平今,5095.0,1,2022-04-07 09:39:06
581,rb2210,SHFE,0_0_     1612286,空,平今,5095.0,1,2022-04-07 09:39:06
582,rb2210,SHFE,0_0_     1613022,多,开,5094.0,2,2022-04-07 09:39:07
583,rb2210,SHFE,0_0_     1615445,空,平今,5093.0,4,2022-04-07 09:39:31
584,rb2210,SHFE,0_0_     1617158,多,开,5092.0,1,2022-04-07 09:39:34
585,rb2210,SHFE,0_0_     1617158,多,开,5092.0,3,2022-04-07 09:39:34
586,rb2210,SHFE,0_0_     1617677,空,平今,5093.0,3,2022-04-07 09:39:35
587,rb2210,SHFE,0_0_     1613041,空,平今,5095.000000000001,2,2022-04-07 09:39:40
588,rb2210,SHFE,0_0_     1619107,多,开,5094.0,1,2022-04-07 09:39:41
589,rb2210,SHFE,0_0_     1619107,多,开,5094.0,1,2022-04-07 09:39:41
590,rb2210,SHFE,0_0_     1619260,空,平今,5095.0,2,2022-04-07 09:39:46
591,rb2210,SHFE,0_0_     1622005,多,开,5095.0,1,2022-04-07 09:39:56
592,rb2210,SHFE,0_0_     1622005,多,开,5095.0,2,2022-04-07 09:39:57
593,rb2210,SHFE,0_0_     1622297,空,平今,5095.0,4,2022-04-07 09:39:59
594,rb2210,SHFE,0_0_     1643223,多,开,5093.0,3,2022-04-07 09:42:06
595,rb2210,SHFE,0_0_     1658034,多,平今,5097.0,1,2022-04-07 09:43:48
596,rb2210,SHFE,0_0_     1659568,空,平今,5098.0,3,2022-04-07 09:43:54
597,rb2210,SHFE,0_0_     1665202,多,开,5097.0,1,2022-04-07 09:44:31
598,rb2210,SHFE,0_0_     1665202,多,开,5097.0,2,2022-04-07 09:44:31
599,rb2210,SHFE,0_0_     1668574,多,开,5098.0,1,2022-04-07 09:44:54
600,rb2210,SHFE,0_0_     1669010,空,平今,5099.0,1,2022-04-07 09:44:54
601,rb2210,SHFE,0_0_     1669021,多,开,5098.0,1,2022-04-07 09:44:54
602,rb2210,SHFE,0_0_     1679826,空,平今,5095.0,1,2022-04-07 09:45:59
603,rb2210,SHFE,0_0_     1669022,空,平今,5099.0,1,2022-04-07 09:46:14
604,rb2210,SHFE,0_0_     1682883,空,开,5103.0,1,2022-04-07 09:46:21
605,rb2210,SHFE,0_0_     1682883,空,开,5103.0,3,2022-04-07 09:46:21
606,rb2210,SHFE,0_0_     1683718,多,平今,5102.0,4,2022-04-07 09:46:30
607,rb2210,SHFE,0_0_     1683786,空,开,5103.0,1,2022-04-07 09:46:32
608,rb2210,SHFE,0_0_     1683786,空,开,5103.0,1,2022-04-07 09:46:32
609,rb2210,SHFE,0_0_     1683786,空,开,5103.0,1,2022-04-07 09:46:32
610,rb2210,SHFE,0_0_     1683786,空,开,5103.0,1,2022-04-07 09:46:32
611,rb2210,SHFE,0_0_     1684044,多,平今,5102.0,1,2022-04-07 09:46:33
612,rb2210,SHFE,0_0_     1684044,多,平今,5102.0,3,2022-04-07 09:46:33
613,rb2210,SHFE,0_0_     1684253,空,开,5103.0,3,2022-04-07 09:46:34
614,rb2210,SHFE,0_0_     1684427,多,平今,5102.0,3,2022-04-07 09:46:35
615,rb2210,SHFE,0_0_     1684600,空,开,5103.0,3,2022-04-07 09:46:36
616,rb2210,SHFE,0_0_     1685751,多,平今,5105.0,1,2022-04-07 09:46:43
617,rb2210,SHFE,0_0_     1685751,多,平今,5105.0,1,2022-04-07 09:46:43
618,rb2210,SHFE,0_0_     1686059,空,开,5106.0,4,2022-04-07 09:46:44
619,rb2210,SHFE,0_0_     1690585,多,平今,5111.0,1,2022-04-07 09:47:07
620,rb2210,SHFE,0_0_     1692308,多,开,5112.0,6,2022-04-07 09:47:17
621,rb2210,SHFE,0_0_     1693279,多,平今,5116.0,2,2022-04-07 09:47:23
622,rb2210,SHFE,0_0_     1706199,空,平今,5108.0,6,2022-04-07 09:48:49
623,rb2210,SHFE,0_0_     1707780,多,平今,5106.0,1,2022-04-07 09:49:01
624,rb2210,SHFE,0_0_     1716211,空,平今,5102.0,2,2022-04-07 09:50:10
625,rb2210,SHFE,0_0_     1707850,空,开,5107.0,1,2022-04-07 09:50:57
626,rb2210,SHFE,0_0_     1722668,多,开,5106.0,2,2022-04-07 09:51:01
627,rb2210,SHFE,0_0_     1722023,多,平今,5105.0,3,2022-04-07 09:51:03
628,rb2210,SHFE,0_0_     1731939,空,开,5101.0,4,2022-04-07 09:52:15
629,rb2210,SHFE,0_0_     1743855,多,平今,5105.0,1,2022-04-07 09:53:47
630,rb2210,SHFE,0_0_     1743855,多,平今,5105.0,2,2022-04-07 09:53:47
631,rb2210,SHFE,0_0_     1743855,多,平今,5105.0,1,2022-04-07 09:53:47
632,rb2210,SHFE,0_0_     1743855,多,平今,5105.0,1,2022-04-07 09:53:47
633,rb2210,SHFE,0_0_     1722976,空,平今,5107.0,2,2022-04-07 09:53:56
634,rb2210,SHFE,0_0_     1750263,多,开,5106.0,2,2022-04-07 09:54:37
635,rb2210,SHFE,0_0_     1750263,多,开,5106.0,1,2022-04-07 09:54:39
636,rb2210,SHFE,0_0_     1750263,多,开,5106.0,1,2022-04-07 09:54:39
637,rb2210,SHFE,0_0_     1796008,多,开,5098.0,1,2022-04-07 10:00:28
638,rb2210,SHFE,0_0_     1798190,多,开,5100.000000000001,2,2022-04-07 10:00:40
639,rb2210,SHFE,0_0_     1798331,空,平今,5101.0,1,2022-04-07 10:00:45
640,rb2210,SHFE,0_0_     1798331,空,平今,5101.0,1,2022-04-07 10:00:45
641,rb2210,SHFE,0_0_     1798985,多,开,5100.0,1,2022-04-07 10:00:46
642,rb2210,SHFE,0_0_     1815981,空,平今,5095.0,5,2022-04-07 10:02:47
643,rb2210,SHFE,0_0_     1808105,空,开,5099.0,4,2022-04-07 10:03:55
644,rb2210,SHFE,0_0_     1853730,多,平今,5094.0,1,2022-04-07 10:07:59
645,rb2210,SHFE,0_0_     1853730,多,平今,5094.0,1,2022-04-07 10:07:59
646,rb2210,SHFE,0_0_     1865202,空,平今,5082.0,1,2022-04-07 10:09:07
647,rb2210,SHFE,0_0_     1868672,空,开,5080.0,3,2022-04-07 10:09:27
648,rb2210,SHFE,0_0_     1868851,多,平今,5079.0,4,2022-04-07 10:09:35
649,rb2210,SHFE,0_0_     1870772,空,开,5081.0,3,2022-04-07 10:09:46
650,rb2210,SHFE,0_0_     1871026,多,平今,5080.0,3,2022-04-07 10:09:46
651,rb2210,SHFE,0_0_     1864823,空,开,5085.0,3,2022-04-07 10:10:12
652,rb2210,SHFE,0_0_     1875923,多,平今,5084.0,1,2022-04-07 10:10:43
653,rb2210,SHFE,0_0_     1875923,多,平今,5084.0,1,2022-04-07 10:10:43
654,rb2210,SHFE,0_0_     1875923,多,平今,5084.0,1,2022-04-07 10:10:43
655,rb2210,SHFE,0_0_     1880834,多,开,5083.0,2,2022-04-07 10:10:59
656,rb2210,SHFE,0_0_     1902844,空,开,5081.0,4,2022-04-07 10:30:32
657,rb2210,SHFE,0_0_     1902880,多,平今,5080.0,4,2022-04-07 10:30:37
658,rb2210,SHFE,0_0_     1902961,空,开,5081.0,4,2022-04-07 10:30:38
659,rb2210,SHFE,0_0_     1915175,多,平今,5084.0,1,2022-04-07 10:33:12
660,rb2210,SHFE,0_0_     1915463,多,平今,5084.0,3,2022-04-07 10:33:16
661,rb2210,SHFE,0_0_     1915996,空,平今,5085.0,2,2022-04-07 10:33:49
662,rb2210,SHFE,0_0_     1919171,空,开,5086.0,1,2022-04-07 10:33:55
663,rb2210,SHFE,0_0_     1919171,空,开,5086.0,1,2022-04-07 10:33:55
664,rb2210,SHFE,0_0_     1919171,空,开,5086.0,1,2022-04-07 10:33:56
665,rb2210,SHFE,0_0_     1919171,空,开,5086.0,1,2022-04-07 10:33:56
666,rb2210,SHFE,0_0_     1919433,多,平今,5085.0,2,2022-04-07 10:33:58
667,rb2210,SHFE,0_0_     1919461,多,平今,5085.0,1,2022-04-07 10:33:58
668,rb2210,SHFE,0_0_     1920299,空,开,5083.0,2,2022-04-07 10:34:05
669,rb2210,SHFE,0_0_     1919628,空,开,5086.0,2,2022-04-07 10:34:10
670,rb2210,SHFE,0_0_     1921059,多,平今,5085.0,1,2022-04-07 10:34:11
671,rb2210,SHFE,0_0_     1921059,多,平今,5085.0,1,2022-04-07 10:34:11
672,rb2210,SHFE,0_0_     1921278,多,平今,5084.0,4,2022-04-07 10:34:22
673,rb2210,SHFE,0_0_     1925290,多,开,5088.0,1,2022-04-07 10:34:49
674,rb2210,SHFE,0_0_     1933683,多,开,5091.0,1,2022-04-07 10:35:51
675,rb2210,SHFE,0_0_     1933683,多,开,5091.0,2,2022-04-07 10:35:53
676,rb2210,SHFE,0_0_     1942178,空,平今,5087.0,2,2022-04-07 10:36:57
677,rb2210,SHFE,0_0_     1942748,多,开,5086.0,1,2022-04-07 10:37:02
678,rb2210,SHFE,0_0_     1942748,多,开,5086.0,1,2022-04-07 10:37:03
679,rb2210,SHFE,0_0_     1942748,多,开,5086.0,1,2022-04-07 10:37:04
680,rb2210,SHFE,0_0_     1943390,空,平今,5087.0,2,2022-04-07 10:37:08
681,rb2210,SHFE,0_0_     1944004,多,开,5087.0,1,2022-04-07 10:37:17
682,rb2210,SHFE,0_0_     1944370,空,平今,5088.0,1,2022-04-07 10:37:24
683,rb2210,SHFE,0_0_     1945408,多,开,5090.0,1,2022-04-07 10:37:30
684,rb2210,SHFE,0_0_     1922605,多,开,5084.0,1,2022-04-07 10:38:29
685,rb2210,SHFE,0_0_     1953307,空,平今,5085.0,1,2022-04-07 10:39:13
686,rb2210,SHFE,0_0_     1959052,多,开,5084.0,3,2022-04-07 10:39:14
687,rb2210,SHFE,0_0_     1962327,空,平今,5083.0,1,2022-04-07 10:39:48
688,rb2210,SHFE,0_0_     1962327,空,平今,5083.0,1,2022-04-07 10:39:48
689,rb2210,SHFE,0_0_     1962327,空,平今,5083.0,1,2022-04-07 10:39:48
690,rb2210,SHFE,0_0_     1970526,空,开,5081.0,1,2022-04-07 10:40:47
691,rb2210,SHFE,0_0_     1971048,多,平今,5080.0,1,2022-04-07 10:40:47
692,rb2210,SHFE,0_0_     1971114,空,开,5081.0,1,2022-04-07 10:40:55
693,rb2210,SHFE,0_0_     1972361,多,平今,5080.0,1,2022-04-07 10:40:57
694,rb2210,SHFE,0_0_     1993942,多,开,5078.0,2,2022-04-07 10:43:26
695,rb2210,SHFE,0_0_     2005649,空,开,5077.0,1,2022-04-07 10:45:03
696,rb2210,SHFE,0_0_     2005649,空,开,5077.0,1,2022-04-07 10:45:03
697,rb2210,SHFE,0_0_     2005649,空,开,5077.0,1,2022-04-07 10:45:04
698,rb2210,SHFE,0_0_     2009002,多,平今,5080.0,1,2022-04-07 10:46:09
699,rb2210,SHFE,0_0_     2015119,空,平今,5081.0,1,2022-04-07 10:46:14
700,rb2210,SHFE,0_0_     2021184,空,开,5077.0,1,2022-04-07 10:47:08
701,rb2210,SHFE,0_0_     2021184,空,开,5077.0,1,2022-04-07 10:47:08
702,rb2210,SHFE,0_0_     2006090,多,平今,5076.0,2,2022-04-07 10:47:09
703,rb2210,SHFE,0_0_     2021279,空,开,5077.0,4,2022-04-07 10:47:14
704,rb2210,SHFE,0_0_     2021732,多,平今,5076.0,1,2022-04-07 10:47:19
705,rb2210,SHFE,0_0_     2021732,多,平今,5076.0,4,2022-04-07 10:47:19
706,rb2210,SHFE,0_0_     2021732,多,平今,5076.0,1,2022-04-07 10:47:20
707,rb2210,SHFE,0_0_     2022711,多,开,5076.0,1,2022-04-07 10:47:23
708,rb2210,SHFE,0_0_     2022797,空,开,5075.0,2,2022-04-07 10:47:25
709,rb2210,SHFE,0_0_     2023160,多,平今,5074.0,1,2022-04-07 10:47:30
710,rb2210,SHFE,0_0_     2023338,多,开,5074.0,1,2022-04-07 10:47:32
711,rb2210,SHFE,0_0_     2023338,多,开,5074.0,1,2022-04-07 10:47:32
712,rb2210,SHFE,0_0_     2022717,空,平今,5077.0,1,2022-04-07 10:47:50
713,rb2210,SHFE,0_0_     2025192,多,开,5076.000000000001,1,2022-04-07 10:47:55
714,rb2210,SHFE,0_0_     2024841,多,平今,5075.0,1,2022-04-07 10:47:58
715,rb2210,SHFE,0_0_     2039231,空,平今,5075.0,1,2022-04-07 10:49:35
716,rb2210,SHFE,0_0_     2039476,多,开,5074.0,1,2022-04-07 10:50:41
717,rb2210,SHFE,0_0_     2059498,空,平今,5078.0,2,2022-04-07 10:52:37
718,rb2210,SHFE,0_0_     2071536,空,平今,5081.0,1,2022-04-07 10:54:26
719,rb2210,SHFE,0_0_     2073158,空,平今,5081.0,1,2022-04-07 10:55:03
720,rb2210,SHFE,0_0_     2077461,多,开,5082.0,2,2022-04-07 10:56:53
721,rb2210,SHFE,0_0_     2090764,空,平今,5083.0,1,2022-04-07 10:56:53
722,rb2210,SHFE,0_0_     2090764,空,平今,5083.0,1,2022-04-07 10:56:53
723,rb2210,SHFE,0_0_     2091632,空,平今,5082.0,3,2022-04-07 10:56:59
724,rb2210,SHFE,0_0_     2091825,多,开,5082.0,2,2022-04-07 10:57:00
725,rb2210,SHFE,0_0_     2109433,多,开,5084.0,1,2022-04-07 10:59:21
726,rb2210,SHFE,0_0_     2110661,空,平今,5085.000000000001,1,2022-04-07 10:59:33
727,rb2210,SHFE,0_0_     2120165,多,开,5078.0,2,2022-04-07 11:00:51
728,rb2210,SHFE,0_0_     2120165,多,开,5078.0,1,2022-04-07 11:00:51
729,rb2210,SHFE,0_0_     2124569,空,平今,5077.0,4,2022-04-07 11:01:24
730,rb2210,SHFE,0_0_     2128372,空,开,5075.0,4,2022-04-07 11:01:56
731,rb2210,SHFE,0_0_     2128617,多,平今,5074.0,2,2022-04-07 11:01:58
732,rb2210,SHFE,0_0_     2128617,多,平今,5074.0,1,2022-04-07 11:01:59
733,rb2210,SHFE,0_0_     2128617,多,平今,5074.0,1,2022-04-07 11:01:59
734,rb2210,SHFE,0_0_     2129125,多,开,5074.0,1,2022-04-07 11:02:19
735,rb2210,SHFE,0_0_     2131644,空,开,5075.0,4,2022-04-07 11:02:20
736,rb2210,SHFE,0_0_     2134724,空,开,5072.0,1,2022-04-07 11:02:47
737,rb2210,SHFE,0_0_     2136020,多,平今,5071.0,3,2022-04-07 11:03:06
738,rb2210,SHFE,0_0_     2136020,多,平今,5071.0,1,2022-04-07 11:03:06
739,rb2210,SHFE,0_0_     2139975,空,开,5071.0,6,2022-04-07 11:03:43
740,rb2210,SHFE,0_0_     2140044,多,平今,5071.0,1,2022-04-07 11:03:47
741,rb2210,SHFE,0_0_     2140044,多,平今,5071.0,1,2022-04-07 11:04:08
742,rb2210,SHFE,0_0_     2145414,多,平今,5071.0,1,2022-04-07 11:05:02
743,rb2210,SHFE,0_0_     2146710,空,开,5072.0,1,2022-04-07 11:05:03
744,rb2210,SHFE,0_0_     2155476,空,平今,5071.0,1,2022-04-07 11:06:19
745,rb2210,SHFE,0_0_     2157046,空,平今,5070.0,2,2022-04-07 11:06:35
746,rb2210,SHFE,0_0_     2158136,空,开,5068.0,1,2022-04-07 11:06:40
747,rb2210,SHFE,0_0_     2158263,多,平今,5068.000000000001,4,2022-04-07 11:06:43
748,rb2210,SHFE,0_0_     2158441,空,开,5069.0,2,2022-04-07 11:06:47
749,rb2210,SHFE,0_0_     2158795,多,平今,5068.0,2,2022-04-07 11:06:48
750,rb2210,SHFE,0_0_     2158922,空,开,5069.0,3,2022-04-07 11:06:54
751,rb2210,SHFE,0_0_     2159629,多,平今,5068.0,1,2022-04-07 11:06:57
752,rb2210,SHFE,0_0_     2159629,多,平今,5068.0,1,2022-04-07 11:06:58
753,rb2210,SHFE,0_0_     2159629,多,平今,5068.0,1,2022-04-07 11:06:59
754,rb2210,SHFE,0_0_     2159629,多,平今,5068.0,2,2022-04-07 11:06:59
755,rb2210,SHFE,0_0_     2159872,空,开,5069.0,4,2022-04-07 11:07:02
756,rb2210,SHFE,0_0_     2160278,多,平今,5069.0,4,2022-04-07 11:07:04
757,rb2210,SHFE,0_0_     2160379,空,开,5069.0,3,2022-04-07 11:07:10
758,rb2210,SHFE,0_0_     2161376,多,平今,5068.0,3,2022-04-07 11:07:15
759,rb2210,SHFE,0_0_     2163023,空,开,5065.0,2,2022-04-07 11:07:23
760,rb2210,SHFE,0_0_     2164941,多,开,5065.0,1,2022-04-07 11:07:34
761,rb2210,SHFE,0_0_     2164941,多,开,5065.0,3,2022-04-07 11:07:34
762,rb2210,SHFE,0_0_     2167944,空,平今,5066.0,1,2022-04-07 11:08:02
763,rb2210,SHFE,0_0_     2167944,空,平今,5066.0,2,2022-04-07 11:08:02
764,rb2210,SHFE,0_0_     2170148,多,平今,5065.0,1,2022-04-07 11:08:06
765,rb2210,SHFE,0_0_     2173810,空,开,5065.0,2,2022-04-07 11:08:35
766,rb2210,SHFE,0_0_     2174121,多,平今,5064.0,1,2022-04-07 11:08:39
767,rb2210,SHFE,0_0_     2174769,多,平今,5064.0,2,2022-04-07 11:08:40
768,rb2210,SHFE,0_0_     2175092,空,开,5064.0,4,2022-04-07 11:08:43
769,rb2210,SHFE,0_0_     2175741,多,开,5064.0,1,2022-04-07 11:08:47
770,rb2210,SHFE,0_0_     2175741,多,开,5064.0,1,2022-04-07 11:08:47
771,rb2210,SHFE,0_0_     2157711,空,开,5070.0,1,2022-04-07 11:09:10
772,rb2210,SHFE,0_0_     2180612,多,开,5073.0,1,2022-04-07 11:09:19
773,rb2210,SHFE,0_0_     2180701,空,平今,5074.0,1,2022-04-07 11:09:24
774,rb2210,SHFE,0_0_     2181411,多,平今,5073.0,1,2022-04-07 11:09:24
775,rb2210,SHFE,0_0_     2188476,多,平今,5065.0,1,2022-04-07 11:10:18
776,rb2210,SHFE,0_0_     2188476,多,平今,5065.0,2,2022-04-07 11:10:19
777,rb2210,SHFE,0_0_     2188476,多,平今,5065.0,1,2022-04-07 11:10:21
778,rb2210,SHFE,0_0_     2189609,空,开,5066.0,4,2022-04-07 11:10:34
779,rb2210,SHFE,0_0_     2193745,多,平今,5062.0,1,2022-04-07 11:10:55
780,rb2210,SHFE,0_0_     2194612,空,平今,5063.0,2,2022-04-07 11:11:02
781,rb2210,SHFE,0_0_     2197213,多,开,5064.0,7,2022-04-07 11:11:26
782,rb2210,SHFE,0_0_     2197753,空,平今,5064.0,3,2022-04-07 11:11:30
783,rb2210,SHFE,0_0_     2197753,空,平今,5064.0,1,2022-04-07 11:11:30
784,rb2210,SHFE,0_0_     2197753,空,平今,5064.0,2,2022-04-07 11:11:31
785,rb2210,SHFE,0_0_     2199240,空,开,5064.0,4,2022-04-07 11:11:43
786,rb2210,SHFE,0_0_     2204160,多,平今,5061.0,4,2022-04-07 11:12:25
787,rb2210,SHFE,0_0_     2204376,空,开,5062.0,1,2022-04-07 11:12:27
788,rb2210,SHFE,0_0_     2204376,空,开,5062.0,1,2022-04-07 11:12:27
789,rb2210,SHFE,0_0_     2204376,空,开,5062.0,1,2022-04-07 11:12:27
790,rb2210,SHFE,0_0_     2204376,空,开,5062.0,1,2022-04-07 11:12:28
791,rb2210,SHFE,0_0_     2205916,空,平今,5065.0,2,2022-04-07 11:12:42
792,rb2210,SHFE,0_0_     2206269,多,平今,5065.0,1,2022-04-07 11:12:46
793,rb2210,SHFE,0_0_     2206269,多,平今,5065.0,1,2022-04-07 11:12:46
794,rb2210,SHFE,0_0_     2206269,多,平今,5065.0,1,2022-04-07 11:12:46
795,rb2210,SHFE,0_0_     2212975,空,开,5064.0,3,2022-04-07 11:13:49
796,rb2210,SHFE,0_0_     2204181,多,平今,5061.0,3,2022-04-07 11:14:00
797,rb2210,SHFE,0_0_     2214806,空,开,5062.0,1,2022-04-07 11:14:00
798,rb2210,SHFE,0_0_     2214806,空,开,5062.0,1,2022-04-07 11:14:00
799,rb2210,SHFE,0_0_     2214806,空,开,5062.0,1,2022-04-07 11:14:00
800,rb2210,SHFE,0_0_     2214995,多,开,5062.0,8,2022-04-07 11:14:01
801,rb2210,SHFE,0_0_     2215054,空,开,5062.0,1,2022-04-07 11:14:03
802,rb2210,SHFE,0_0_     2215534,多,平今,5061.0,4,2022-04-07 11:14:03
803,rb2210,SHFE,0_0_     2215625,空,开,5062.0,1,2022-04-07 11:14:06
804,rb2210,SHFE,0_0_     2215625,空,开,5062.0,3,2022-04-07 11:14:06
805,rb2210,SHFE,0_0_     2216084,多,平今,5061.0,4,2022-04-07 11:14:07
806,rb2210,SHFE,0_0_     2221669,空,开,5062.0,4,2022-04-07 11:14:45
807,rb2210,SHFE,0_0_     2221796,多,平今,5061.0,2,2022-04-07 11:14:45
808,rb2210,SHFE,0_0_     2221796,多,平今,5061.0,1,2022-04-07 11:14:45
809,rb2210,SHFE,0_0_     2221796,多,平今,5061.0,2,2022-04-07 11:14:45
810,rb2210,SHFE,0_0_     2221811,空,开,5062.0,1,2022-04-07 11:14:46
811,rb2210,SHFE,0_0_     2221811,空,开,5062.0,1,2022-04-07 11:14:46
812,rb2210,SHFE,0_0_     2221811,空,开,5062.0,1,2022-04-07 11:14:46
813,rb2210,SHFE,0_0_     2221811,空,开,5062.0,2,2022-04-07 11:14:46
814,rb2210,SHFE,0_0_     2214996,空,平今,5063.0,8,2022-04-07 11:14:56
815,rb2210,SHFE,0_0_     2223054,多,平今,5062.0,3,2022-04-07 11:14:57
816,rb2210,SHFE,0_0_     2223318,多,平今,5062.0,4,2022-04-07 11:15:00
817,rb2210,SHFE,0_0_     2223539,空,开,5063.0,4,2022-04-07 11:15:01
818,rb2210,SHFE,0_0_     2223718,多,平今,5062.0,4,2022-04-07 11:15:01
819,rb2210,SHFE,0_0_     2223721,空,开,5063.0,4,2022-04-07 11:15:04
820,rb2210,SHFE,0_0_     2224174,多,平今,5062.0,4,2022-04-07 11:15:04
821,rb2210,SHFE,0_0_     2224191,空,开,5063.0,4,2022-04-07 11:15:05
822,rb2210,SHFE,0_0_     2225470,空,开,5062.0,1,2022-04-07 11:15:18
823,rb2210,SHFE,0_0_     2225470,空,开,5062.0,1,2022-04-07 11:15:19
824,rb2210,SHFE,0_0_     2234787,多,平今,5057.0,2,2022-04-07 11:16:20
825,rb2210,SHFE,0_0_     2235213,多,开,5057.0,2,2022-04-07 11:16:23
826,rb2210,SHFE,0_0_     2235258,多,开,5057.0,4,2022-04-07 11:16:24
827,rb2210,SHFE,0_0_     2235831,空,平今,5057.0,2,2022-04-07 11:16:28
828,rb2210,SHFE,0_0_     2236040,空,开,5057.0,2,2022-04-07 11:16:30
829,rb2210,SHFE,0_0_     2234344,多,平今,5056.0,4,2022-04-07 11:16:31
830,rb2210,SHFE,0_0_     2236557,空,开,5057.0,4,2022-04-07 11:16:34
831,rb2210,SHFE,0_0_     2236250,多,平今,5056.0,1,2022-04-07 11:16:34
832,rb2210,SHFE,0_0_     2236820,空,开,5057.0,1,2022-04-07 11:16:34
833,rb2210,SHFE,0_0_     2236904,多,平今,5056.0,2,2022-04-07 11:16:37
834,rb2210,SHFE,0_0_     2236904,多,平今,5056.0,2,2022-04-07 11:16:37
835,rb2210,SHFE,0_0_     2237260,空,开,5057.0,4,2022-04-07 11:16:37
836,rb2210,SHFE,0_0_     2235348,空,平今,5058.0,4,2022-04-07 11:16:42
837,rb2210,SHFE,0_0_     2237913,多,开,5057.0,2,2022-04-07 11:16:45
838,rb2210,SHFE,0_0_     2237913,多,开,5057.0,1,2022-04-07 11:16:45
839,rb2210,SHFE,0_0_     2237913,多,开,5057.0,1,2022-04-07 11:16:46
840,rb2210,SHFE,0_0_     2241839,多,开,5059.0,4,2022-04-07 11:17:12
841,rb2210,SHFE,0_0_     2244227,空,平今,5061.0,4,2022-04-07 11:17:38
842,rb2210,SHFE,0_0_     2247053,多,开,5061.0,1,2022-04-07 11:17:44
843,rb2210,SHFE,0_0_     2247053,多,开,5061.0,3,2022-04-07 11:17:44
844,rb2210,SHFE,0_0_     2247312,空,平今,5062.0,4,2022-04-07 11:17:44
845,rb2210,SHFE,0_0_     2255236,多,平今,5066.0,1,2022-04-07 11:18:43
846,rb2210,SHFE,0_0_     2263080,空,平今,5065.0,2,2022-04-07 11:19:41
847,rb2210,SHFE,0_0_     2263080,空,平今,5065.0,1,2022-04-07 11:19:42
848,rb2210,SHFE,0_0_     2250357,多,平今,5063.0,1,2022-04-07 11:19:47
849,rb2210,SHFE,0_0_     2263627,空,开,5065.0,2,2022-04-07 11:19:50
850,rb2210,SHFE,0_0_     2263987,多,平今,5064.0,1,2022-04-07 11:19:51
851,rb2210,SHFE,0_0_     2263987,多,平今,5064.0,1,2022-04-07 11:19:51
852,rb2210,SHFE,0_0_     2267469,多,平今,5065.0,4,2022-04-07 11:20:18
853,rb2210,SHFE,0_0_     2267776,空,开,5066.0,4,2022-04-07 11:20:19
854,rb2210,SHFE,0_0_     2286060,空,平今,5066.0,1,2022-04-07 11:22:52
855,rb2210,SHFE,0_0_     2286537,多,平今,5065.0,1,2022-04-07 11:22:53
856,rb2210,SHFE,0_0_     2286537,多,平今,5065.0,1,2022-04-07 11:22:53
857,rb2210,SHFE,0_0_     2247350,多,开,5061.0,1,2022-04-07 11:23:00
858,rb2210,SHFE,0_0_     2247350,多,开,5061.0,3,2022-04-07 11:23:06
859,rb2210,SHFE,0_0_     2288363,空,平今,5062.0,1,2022-04-07 11:23:06
860,rb2210,SHFE,0_0_     2288363,空,平今,5062.0,1,2022-04-07 11:23:06
861,rb2210,SHFE,0_0_     2288363,空,平今,5062.0,1,2022-04-07 11:23:06
862,rb2210,SHFE,0_0_     2288454,空,平今,5062.0,1,2022-04-07 11:23:08
863,rb2210,SHFE,0_0_     2288948,多,开,5061.0,4,2022-04-07 11:23:15
864,rb2210,SHFE,0_0_     2293064,空,平今,5060.0,1,2022-04-07 11:23:49
865,rb2210,SHFE,0_0_     2287119,空,开,5064.0,2,2022-04-07 11:24:47
866,rb2210,SHFE,0_0_     2299791,多,平今,5063.0,1,2022-04-07 11:24:52
867,rb2210,SHFE,0_0_     2299791,多,平今,5063.0,1,2022-04-07 11:24:53
868,rb2210,SHFE,0_0_     2300690,空,平今,5064.0,1,2022-04-07 11:24:57
869,rb2210,SHFE,0_0_     2300752,多,平今,5063.0,1,2022-04-07 11:25:02
870,rb2210,SHFE,0_0_     2301323,空,平今,5064.0,1,2022-04-07 11:25:02
871,rb2210,SHFE,0_0_     2302009,多,开,5066.0,1,2022-04-07 11:25:06
872,rb2210,SHFE,0_0_     2302009,多,开,5066.0,1,2022-04-07 11:25:07
873,rb2210,SHFE,0_0_     2302009,多,开,5066.0,1,2022-04-07 11:25:07
874,rb2210,SHFE,0_0_     2302529,空,平今,5068.0,1,2022-04-07 11:25:20
875,rb2210,SHFE,0_0_     2302529,空,平今,5068.0,3,2022-04-07 11:25:20
876,rb2210,SHFE,0_0_     2303250,多,开,5067.0,1,2022-04-07 11:25:21
877,rb2210,SHFE,0_0_     2303250,多,开,5067.0,1,2022-04-07 11:25:21
878,rb2210,SHFE,0_0_     2303250,多,开,5067.0,1,2022-04-07 11:25:22
879,rb2210,SHFE,0_0_     2303250,多,开,5067.0,1,2022-04-07 11:25:22
880,rb2210,SHFE,0_0_     2303326,空,平今,5068.0,2,2022-04-07 11:25:24
881,rb2210,SHFE,0_0_     2303614,多,开,5067.0,2,2022-04-07 11:25:25
882,rb2210,SHFE,0_0_     2303634,空,平今,5068.0,2,2022-04-07 11:25:39
883,rb2210,SHFE,0_0_     2305331,多,开,5067.0,2,2022-04-07 11:25:40
884,rb2210,SHFE,0_0_     2311270,空,平今,5071.0,3,2022-04-07 11:26:38
885,rb2210,SHFE,0_0_     2312590,多,开,5072.0,1,2022-04-07 11:26:41
886,rb2210,SHFE,0_0_     2312590,多,开,5072.0,1,2022-04-07 11:26:41
887,rb2210,SHFE,0_0_     2312590,多,开,5072.0,1,2022-04-07 11:26:41
888,rb2210,SHFE,0_0_     2312590,多,开,5072.0,1,2022-04-07 11:26:41
889,rb2210,SHFE,0_0_     2312590,多,开,5072.0,1,2022-04-07 11:26:41
890,rb2210,SHFE,0_0_     2312590,多,开,5072.0,1,2022-04-07 11:26:41
891,rb2210,SHFE,0_0_     2313546,空,平今,5072.0,1,2022-04-07 11:26:51
892,rb2210,SHFE,0_0_     2313546,空,平今,5072.0,1,2022-04-07 11:26:51
893,rb2210,SHFE,0_0_     2301404,多,平今,5063.0,1,2022-04-07 11:27:35
894,rb2210,SHFE,0_0_     2319490,空,开,5059.0,3,2022-04-07 11:27:41
895,rb2210,SHFE,0_0_     2319497,多,平今,5058.0,3,2022-04-07 11:27:42
896,rb2210,SHFE,0_0_     2319599,空,开,5059.0,1,2022-04-07 11:27:42
897,rb2210,SHFE,0_0_     2319599,空,开,5059.0,1,2022-04-07 11:27:42
898,rb2210,SHFE,0_0_     2319599,空,开,5059.0,1,2022-04-07 11:27:42
899,rb2210,SHFE,0_0_     2319639,多,平今,5058.0,3,2022-04-07 11:27:43
900,rb2210,SHFE,0_0_     2319706,空,开,5059.0,3,2022-04-07 11:27:43
901,rb2210,SHFE,0_0_     2320259,空,平今,5060.0,1,2022-04-07 11:27:49
902,rb2210,SHFE,0_0_     2320311,空,开,5060.0,1,2022-04-07 11:27:50
903,rb2210,SHFE,0_0_     2320311,空,开,5060.0,1,2022-04-07 11:27:50
904,rb2210,SHFE,0_0_     2320311,空,开,5060.0,1,2022-04-07 11:27:50
905,rb2210,SHFE,0_0_     2320311,空,开,5060.0,1,2022-04-07 11:27:50
906,rb2210,SHFE,0_0_     2321412,多,平今,5056.0,1,2022-04-07 11:28:02
907,rb2210,SHFE,0_0_     2321900,多,平今,5056.0,1,2022-04-07 11:28:03
908,rb2210,SHFE,0_0_     2321900,多,平今,5056.0,1,2022-04-07 11:28:03
909,rb2210,SHFE,0_0_     2321900,多,平今,5056.0,1,2022-04-07 11:28:03
910,rb2210,SHFE,0_0_     2321900,多,平今,5056.0,1,2022-04-07 11:28:04
911,rb2210,SHFE,0_0_     2321900,多,平今,5056.0,1,2022-04-07 11:28:04
912,rb2210,SHFE,0_0_     2322066,多,开,5056.0,1,2022-04-07 11:28:10
913,rb2210,SHFE,0_0_     2322066,多,开,5056.0,1,2022-04-07 11:28:10
914,rb2210,SHFE,0_0_     2322066,多,开,5056.0,1,2022-04-07 11:28:10
915,rb2210,SHFE,0_0_     2322605,空,平今,5057.0,4,2022-04-07 11:28:18
916,rb2210,SHFE,0_0_     2329450,空,开,5045.0,4,2022-04-07 13:30:10
917,rb2210,SHFE,0_0_     2329715,空,平今,5049.0,1,2022-04-07 13:30:24
918,rb2210,SHFE,0_0_     2329735,多,平今,5050.000000000001,5,2022-04-07 13:30:26
919,rb2210,SHFE,0_0_     2329751,空,开,5050.0,4,2022-04-07 13:30:27
920,rb2210,SHFE,0_0_     2329768,多,开,5050.0,4,2022-04-07 13:30:28
921,rb2210,SHFE,0_0_     2329871,空,平今,5049.0,1,2022-04-07 13:30:33
922,rb2210,SHFE,0_0_     2329871,空,平今,5049.0,3,2022-04-07 13:30:33
923,rb2210,SHFE,0_0_     2330950,空,开,5044.0,3,2022-04-07 13:31:30
924,rb2210,SHFE,0_0_     2330990,空,平今,5044.0,1,2022-04-07 13:31:33
925,rb2210,SHFE,0_0_     2331122,多,平今,5042.0,1,2022-04-07 13:31:40
926,rb2210,SHFE,0_0_     2331270,多,平今,5041.0,4,2022-04-07 13:31:43
927,rb2210,SHFE,0_0_     2331284,多,开,5041.0,7,2022-04-07 13:31:43
928,rb2210,SHFE,0_0_     2331300,空,平今,5040.0,4,2022-04-07 13:31:44
929,rb2210,SHFE,0_0_     2331290,空,平今,5041.0,4,2022-04-07 13:31:45
930,rb2210,SHFE,0_0_     2331320,多,开,5040.0,4,2022-04-07 13:31:46
931,rb2210,SHFE,0_0_     2331336,空,开,5041.0,2,2022-04-07 13:31:46
932,rb2210,SHFE,0_0_     2331336,空,开,5041.0,2,2022-04-07 13:31:46
933,rb2210,SHFE,0_0_     2331336,空,开,5041.0,1,2022-04-07 13:31:46
934,rb2210,SHFE,0_0_     2331358,多,平今,5040.0,3,2022-04-07 13:31:47
935,rb2210,SHFE,0_0_     2331368,空,平今,5041.0,1,2022-04-07 13:31:48
936,rb2210,SHFE,0_0_     2331368,空,平今,5041.0,1,2022-04-07 13:31:48
937,rb2210,SHFE,0_0_     2331368,空,平今,5041.0,1,2022-04-07 13:31:48
938,rb2210,SHFE,0_0_     2331413,多,平今,5040.0,1,2022-04-07 13:31:48
939,rb2210,SHFE,0_0_     2331414,空,平今,5041.0,1,2022-04-07 13:31:49
940,rb2210,SHFE,0_0_     2331447,多,平今,5040.0,1,2022-04-07 13:31:49
941,rb2210,SHFE,0_0_     2331460,空,开,5041.0,1,2022-04-07 13:31:52
942,rb2210,SHFE,0_0_     2331903,空,开,5042.0,1,2022-04-07 13:32:01
943,rb2210,SHFE,0_0_     2331982,空,开,5041.0,3,2022-04-07 13:32:02
944,rb2210,SHFE,0_0_     2331609,多,平今,5040.0,1,2022-04-07 13:32:02
945,rb2210,SHFE,0_0_     2331989,空,开,5041.0,1,2022-04-07 13:32:03
946,rb2210,SHFE,0_0_     2332001,多,平今,5040.0,1,2022-04-07 13:32:04
947,rb2210,SHFE,0_0_     2332044,空,开,5041.0,1,2022-04-07 13:32:04
948,rb2210,SHFE,0_0_     2332064,多,平今,5040.000000000001,1,2022-04-07 13:32:06
949,rb2210,SHFE,0_0_     2332088,多,平今,5040.0,4,2022-04-07 13:32:06
950,rb2210,SHFE,0_0_     2332121,空,开,5041.0,4,2022-04-07 13:32:06
951,rb2210,SHFE,0_0_     2332532,多,平今,5041.0,2,2022-04-07 13:32:19
952,rb2210,SHFE,0_0_     2332698,多,开,5041.0,8,2022-04-07 13:32:21
953,rb2210,SHFE,0_0_     2332753,空,平今,5042.0,8,2022-04-07 13:32:22
954,rb2210,SHFE,0_0_     2333074,多,平今,5039.0,4,2022-04-07 13:32:27
955,rb2210,SHFE,0_0_     2333251,多,平今,5039.0,1,2022-04-07 13:32:29
956,rb2210,SHFE,0_0_     2333253,空,开,5040.0,1,2022-04-07 13:32:33
957,rb2210,SHFE,0_0_     2333549,多,平今,5039.0,1,2022-04-07 13:32:34
958,rb2210,SHFE,0_0_     2333625,空,开,5039.0,4,2022-04-07 13:32:38
959,rb2210,SHFE,0_0_     2333843,多,平今,5038.0,2,2022-04-07 13:32:38
960,rb2210,SHFE,0_0_     2333843,多,平今,5038.0,2,2022-04-07 13:32:38
961,rb2210,SHFE,0_0_     2333863,多,开,5038.0,1,2022-04-07 13:32:40
962,rb2210,SHFE,0_0_     2334094,多,开,5038.0,4,2022-04-07 13:32:41
963,rb2210,SHFE,0_0_     2334099,空,平今,5039.0,4,2022-04-07 13:32:43
964,rb2210,SHFE,0_0_     2334352,多,开,5038.0,4,2022-04-07 13:32:43
965,rb2210,SHFE,0_0_     2334392,空,开,5039.0,1,2022-04-07 13:32:44
966,rb2210,SHFE,0_0_     2334392,空,开,5039.0,3,2022-04-07 13:32:44
967,rb2210,SHFE,0_0_     2334392,空,开,5039.0,1,2022-04-07 13:32:45
968,rb2210,SHFE,0_0_     2334392,空,开,5039.0,1,2022-04-07 13:32:45
969,rb2210,SHFE,0_0_     2334392,空,开,5039.0,1,2022-04-07 13:32:45
970,rb2210,SHFE,0_0_     2334392,空,开,5039.0,1,2022-04-07 13:32:45
971,rb2210,SHFE,0_0_     2334485,多,平今,5038.0,2,2022-04-07 13:32:45
972,rb2210,SHFE,0_0_     2334497,空,平今,5039.0,2,2022-04-07 13:32:46
973,rb2210,SHFE,0_0_     2334592,多,平今,5038.0,1,2022-04-07 13:32:46
974,rb2210,SHFE,0_0_     2334592,多,平今,5038.0,1,2022-04-07 13:32:46
975,rb2210,SHFE,0_0_     2334605,多,开,5038.0,5,2022-04-07 13:32:46
976,rb2210,SHFE,0_0_     2334618,空,平今,5039.0,1,2022-04-07 13:32:47
977,rb2210,SHFE,0_0_     2334618,空,平今,5039.0,1,2022-04-07 13:32:47
978,rb2210,SHFE,0_0_     2334618,空,平今,5039.0,2,2022-04-07 13:32:47
979,rb2210,SHFE,0_0_     2334618,空,平今,5039.0,1,2022-04-07 13:32:47
980,rb2210,SHFE,0_0_     2334853,空,开,5039.0,4,2022-04-07 13:32:48
981,rb2210,SHFE,0_0_     2334894,多,平今,5038.0,8,2022-04-07 13:32:49
982,rb2210,SHFE,0_0_     2334958,空,开,5039.0,6,2022-04-07 13:32:50
983,rb2210,SHFE,0_0_     2335893,多,开,5040.0,2,2022-04-07 13:32:56
984,rb2210,SHFE,0_0_     2336375,空,平今,5042.0,1,2022-04-07 13:33:02
985,rb2210,SHFE,0_0_     2336375,空,平今,5042.0,3,2022-04-07 13:33:02
986,rb2210,SHFE,0_0_     2336688,多,开,5041.0,3,2022-04-07 13:33:02
987,rb2210,SHFE,0_0_     2336721,空,平今,5042.0,2,2022-04-07 13:33:02
988,rb2210,SHFE,0_0_     2336721,空,平今,5042.0,1,2022-04-07 13:33:02
989,rb2210,SHFE,0_0_     2336773,多,开,5041.0,3,2022-04-07 13:33:05
990,rb2210,SHFE,0_0_     2337052,空,平今,5042.0,1,2022-04-07 13:33:06
991,rb2210,SHFE,0_0_     2337052,空,平今,5042.0,2,2022-04-07 13:33:06
992,rb2210,SHFE,0_0_     2337200,多,开,5041.0,2,2022-04-07 13:33:06
993,rb2210,SHFE,0_0_     2337200,多,开,5041.0,1,2022-04-07 13:33:06
994,rb2210,SHFE,0_0_     2335167,多,平今,5038.0,6,2022-04-07 13:33:19
995,rb2210,SHFE,0_0_     2339170,空,开,5039.0,6,2022-04-07 13:33:20
996,rb2210,SHFE,0_0_     2339276,多,平今,5038.0,6,2022-04-07 13:33:29
997,rb2210,SHFE,0_0_     2340773,空,平今,5038.0,1,2022-04-07 13:33:40
998,rb2210,SHFE,0_0_     2340773,空,平今,5038.0,1,2022-04-07 13:33:41
999,rb2210,SHFE,0_0_     2341528,多,开,5037.0,4,2022-04-07 13:33:46
1000,rb2210,SHFE,0_0_     2342047,空,开,5038.000000000001,7,2022-04-07 13:33:46
1001,rb2210,SHFE,0_0_     2342252,多,平今,5037.0,1,2022-04-07 13:33:51
1002,rb2210,SHFE,0_0_     2342588,多,平今,5037.0,1,2022-04-07 13:33:54
1003,rb2210,SHFE,0_0_     2342770,多,平今,5037.0,2,2022-04-07 13:33:55
1004,rb2210,SHFE,0_0_     2342827,空,平今,5037.0,1,2022-04-07 13:33:58
1005,rb2210,SHFE,0_0_     2343101,空,平今,5037.0,3,2022-04-07 13:34:00
1006,rb2210,SHFE,0_0_     2344500,多,平今,5037.0,1,2022-04-07 13:34:13
1007,rb2210,SHFE,0_0_     2344745,多,开,5038.0,6,2022-04-07 13:34:15
1008,rb2210,SHFE,0_0_     2344877,空,平今,5039.0,3,2022-04-07 13:34:17
1009,rb2210,SHFE,0_0_     2345017,多,开,5038.0,3,2022-04-07 13:34:19
1010,rb2210,SHFE,0_0_     2345143,空,平今,5039.0,4,2022-04-07 13:34:22
1011,rb2210,SHFE,0_0_     2345725,多,开,5038.0,3,2022-04-07 13:34:23
1012,rb2210,SHFE,0_0_     2345762,空,平今,5039.0,4,2022-04-07 13:34:24
1013,rb2210,SHFE,0_0_     2345824,多,开,5038.0,4,2022-04-07 13:34:27
1014,rb2210,SHFE,0_0_     2350229,空,平今,5040.000000000001,4,2022-04-07 13:34:58
1015,rb2210,SHFE,0_0_     2350523,多,开,5039.000000000001,1,2022-04-07 13:34:58
1016,rb2210,SHFE,0_0_     2350523,多,开,5039.000000000001,1,2022-04-07 13:34:58
1017,rb2210,SHFE,0_0_     2350523,多,开,5039.000000000001,1,2022-04-07 13:34:58
1018,rb2210,SHFE,0_0_     2350523,多,开,5039.000000000001,1,2022-04-07 13:34:58
1019,rb2210,SHFE,0_0_     2350537,空,平今,5040.0,1,2022-04-07 13:34:58
1020,rb2210,SHFE,0_0_     2350537,空,平今,5040.0,1,2022-04-07 13:34:58
1021,rb2210,SHFE,0_0_     2350537,空,平今,5040.0,1,2022-04-07 13:34:58
1022,rb2210,SHFE,0_0_     2350537,空,平今,5040.0,1,2022-04-07 13:34:58
1023,rb2210,SHFE,0_0_     2350616,多,开,5039.0,1,2022-04-07 13:34:59
1024,rb2210,SHFE,0_0_     2350616,多,开,5039.0,1,2022-04-07 13:34:59
1025,rb2210,SHFE,0_0_     2350616,多,开,5039.0,1,2022-04-07 13:34:59
1026,rb2210,SHFE,0_0_     2350616,多,开,5039.0,1,2022-04-07 13:34:59
1027,rb2210,SHFE,0_0_     2351367,空,开,5037.0,4,2022-04-07 13:35:05
1028,rb2210,SHFE,0_0_     2350654,空,平今,5040.0,4,2022-04-07 13:35:05
1029,rb2210,SHFE,0_0_     2337250,空,平今,5042.0,1,2022-04-07 13:35:05
1030,rb2210,SHFE,0_0_     2352471,多,平今,5039.0,1,2022-04-07 13:35:05
1031,rb2210,SHFE,0_0_     2352697,多,平今,5039.0,5,2022-04-07 13:35:06
1032,rb2210,SHFE,0_0_     2354727,多,开,5038.0,3,2022-04-07 13:35:17
1033,rb2210,SHFE,0_0_     2355162,空,平今,5039.000000000001,2,2022-04-07 13:35:20
1034,rb2210,SHFE,0_0_     2355496,多,开,5038.0,1,2022-04-07 13:35:21
1035,rb2210,SHFE,0_0_     2355496,多,开,5038.0,1,2022-04-07 13:35:21
1036,rb2210,SHFE,0_0_     2356541,空,平今,5036.0,1,2022-04-07 13:35:28
1037,rb2210,SHFE,0_0_     2356541,空,平今,5036.0,2,2022-04-07 13:35:28
1038,rb2210,SHFE,0_0_     2374524,空,开,5045.0,2,2022-04-07 13:37:08
1039,rb2210,SHFE,0_0_     2370722,空,平今,5047.0,1,2022-04-07 13:37:15
1040,rb2210,SHFE,0_0_     2370722,空,平今,5047.0,1,2022-04-07 13:37:15
1041,rb2210,SHFE,0_0_     2375348,多,开,5046.0,3,2022-04-07 13:37:15
1042,rb2210,SHFE,0_0_     2375348,多,开,5046.0,1,2022-04-07 13:37:15
1043,rb2210,SHFE,0_0_     2383796,空,平今,5048.0,3,2022-04-07 13:38:06
1044,rb2210,SHFE,0_0_     2394599,多,开,5049.0,4,2022-04-07 13:39:36
1045,rb2210,SHFE,0_0_     2395045,空,平今,5050.0,2,2022-04-07 13:39:38
1046,rb2210,SHFE,0_0_     2395463,多,开,5049.0,1,2022-04-07 13:39:39
1047,rb2210,SHFE,0_0_     2395511,空,平今,5049.0,2,2022-04-07 13:39:40
1048,rb2210,SHFE,0_0_     2397280,多,平今,5045.0,1,2022-04-07 13:40:27
1049,rb2210,SHFE,0_0_     2401921,空,平今,5046.0,1,2022-04-07 13:40:29
1050,rb2210,SHFE,0_0_     2407378,空,开,5047.0,4,2022-04-07 13:41:23
1051,rb2210,SHFE,0_0_     2408035,多,平今,5046.0,3,2022-04-07 13:41:40
1052,rb2210,SHFE,0_0_     2408035,多,平今,5046.0,1,2022-04-07 13:41:41
1053,rb2210,SHFE,0_0_     2414425,空,开,5053.0,4,2022-04-07 13:42:15
1054,rb2210,SHFE,0_0_     2415462,多,开,5052.0,7,2022-04-07 13:42:17
1055,rb2210,SHFE,0_0_     2415490,空,平今,5053.0,4,2022-04-07 13:42:20
1056,rb2210,SHFE,0_0_     2416608,空,平今,5051.0,3,2022-04-07 13:42:29
1057,rb2210,SHFE,0_0_     2418037,多,平今,5052.0,1,2022-04-07 13:42:46
1058,rb2210,SHFE,0_0_     2418037,多,平今,5052.0,3,2022-04-07 13:42:47
1059,rb2210,SHFE,0_0_     2419580,空,开,5051.0,1,2022-04-07 13:42:50
1060,rb2210,SHFE,0_0_     2419580,空,开,5051.0,1,2022-04-07 13:42:50
1061,rb2210,SHFE,0_0_     2419681,多,平今,5051.0,2,2022-04-07 13:42:54
1062,rb2210,SHFE,0_0_     2422348,多,开,5054.0,4,2022-04-07 13:43:16
1063,rb2210,SHFE,0_0_     2424298,多,开,5057.0,1,2022-04-07 13:43:36
1064,rb2210,SHFE,0_0_     2429851,空,平今,5060.0,4,2022-04-07 13:44:11
1065,rb2210,SHFE,0_0_     2429973,多,开,5059.0,4,2022-04-07 13:44:12
1066,rb2210,SHFE,0_0_     2430046,空,平今,5060.0,4,2022-04-07 13:44:12
1067,rb2210,SHFE,0_0_     2430077,多,开,5059.0,2,2022-04-07 13:44:12
1068,rb2210,SHFE,0_0_     2430077,多,开,5059.0,2,2022-04-07 13:44:12
1069,rb2210,SHFE,0_0_     2430151,空,平今,5060.0,2,2022-04-07 13:44:13
1070,rb2210,SHFE,0_0_     2430151,空,平今,5060.0,1,2022-04-07 13:44:13
1071,rb2210,SHFE,0_0_     2430151,空,平今,5060.0,3,2022-04-07 13:44:13
1072,rb2210,SHFE,0_0_     2430334,多,开,5059.0,6,2022-04-07 13:44:13
1073,rb2210,SHFE,0_0_     2430352,空,平今,5060.0,6,2022-04-07 13:44:18
1074,rb2210,SHFE,0_0_     2430872,多,开,5059.0,1,2022-04-07 13:44:18
1075,rb2210,SHFE,0_0_     2430872,多,开,5059.0,1,2022-04-07 13:44:18
1076,rb2210,SHFE,0_0_     2430872,多,开,5059.0,1,2022-04-07 13:44:18
1077,rb2210,SHFE,0_0_     2430872,多,开,5059.0,1,2022-04-07 13:44:19
1078,rb2210,SHFE,0_0_     2430872,多,开,5059.0,1,2022-04-07 13:44:19
1079,rb2210,SHFE,0_0_     2430872,多,开,5059.0,1,2022-04-07 13:44:19
1080,rb2210,SHFE,0_0_     2431343,空,平今,5058.0,2,2022-04-07 13:44:23
1081,rb2210,SHFE,0_0_     2431546,空,平今,5058.000000000001,1,2022-04-07 13:44:25
1082,rb2210,SHFE,0_0_     2431921,空,平今,5058.0,1,2022-04-07 13:44:27
1083,rb2210,SHFE,0_0_     2432053,空,平今,5058.0,1,2022-04-07 13:44:29
1084,rb2210,SHFE,0_0_     2432114,多,开,5057.0,1,2022-04-07 13:45:04
1085,rb2210,SHFE,0_0_     2432114,多,开,5057.0,1,2022-04-07 13:45:04
1086,rb2210,SHFE,0_0_     2432114,多,开,5057.0,1,2022-04-07 13:45:05
1087,rb2210,SHFE,0_0_     2432114,多,开,5057.0,1,2022-04-07 13:45:05
1088,rb2210,SHFE,0_0_     2436323,多,开,5058.0,3,2022-04-07 13:45:10
1089,rb2210,SHFE,0_0_     2437160,空,平今,5057.0,1,2022-04-07 13:46:15
1090,rb2210,SHFE,0_0_     2444208,多,平今,5056.0,1,2022-04-07 13:46:15
1091,rb2210,SHFE,0_0_     2455547,空,开,5050.0,4,2022-04-07 13:47:44
1092,rb2210,SHFE,0_0_     2455840,多,平今,5049.0,2,2022-04-07 13:47:51
1093,rb2210,SHFE,0_0_     2456820,空,平今,5050.0,2,2022-04-07 13:47:59
1094,rb2210,SHFE,0_0_     2457778,多,开,5049.0,3,2022-04-07 13:48:04
1095,rb2210,SHFE,0_0_     2462553,空,平今,5046.0,2,2022-04-07 13:48:55
1096,rb2210,SHFE,0_0_     2464201,空,开,5045.0,2,2022-04-07 13:49:07
1097,rb2210,SHFE,0_0_     2464220,多,平今,5044.0,2,2022-04-07 13:49:26
1098,rb2210,SHFE,0_0_     2467048,多,平今,5043.0,1,2022-04-07 13:49:30
1099,rb2210,SHFE,0_0_     2467114,空,开,5044.0,4,2022-04-07 13:49:38
1100,rb2210,SHFE,0_0_     2467666,多,平今,5043.0,4,2022-04-07 13:49:39
1101,rb2210,SHFE,0_0_     2467710,空,开,5044.0,2,2022-04-07 13:49:39
1102,rb2210,SHFE,0_0_     2467710,空,开,5044.0,2,2022-04-07 13:49:39
1103,rb2210,SHFE,0_0_     2467771,多,平今,5043.0,1,2022-04-07 13:49:40
1104,rb2210,SHFE,0_0_     2467771,多,平今,5043.0,1,2022-04-07 13:49:41
1105,rb2210,SHFE,0_0_     2467771,多,平今,5043.0,1,2022-04-07 13:49:41
1106,rb2210,SHFE,0_0_     2467771,多,平今,5043.0,1,2022-04-07 13:49:41
1107,rb2210,SHFE,0_0_     2472940,空,开,5046.0,3,2022-04-07 13:51:05
1108,rb2210,SHFE,0_0_     2475402,多,平今,5045.0,3,2022-04-07 13:51:06
1109,rb2210,SHFE,0_0_     2475573,空,开,5046.0,3,2022-04-07 13:51:09
1110,rb2210,SHFE,0_0_     2476277,多,平今,5045.0,3,2022-04-07 13:51:18
1111,rb2210,SHFE,0_0_     2477062,空,开,5046.0,1,2022-04-07 13:51:20
1112,rb2210,SHFE,0_0_     2477700,多,平今,5045.0,1,2022-04-07 13:51:26
1113,rb2210,SHFE,0_0_     2480329,空,开,5045.0,4,2022-04-07 13:51:55
1114,rb2210,SHFE,0_0_     2478031,多,平今,5044.0,1,2022-04-07 13:52:23
1115,rb2210,SHFE,0_0_     2462510,空,平今,5047.0,1,2022-04-07 13:52:31
1116,rb2210,SHFE,0_0_     2490031,多,开,5051.0,2,2022-04-07 13:54:01
1117,rb2210,SHFE,0_0_     2493374,空,平今,5050.0,3,2022-04-07 13:54:30
1118,rb2210,SHFE,0_0_     2499570,多,平今,5057.0,3,2022-04-07 13:55:31
1119,rb2210,SHFE,0_0_     2501840,多,开,5057.0,2,2022-04-07 13:55:57
1120,rb2210,SHFE,0_0_     2505549,空,平今,5061.0,1,2022-04-07 13:56:40
1121,rb2210,SHFE,0_0_     2505653,多,平今,5060.0,1,2022-04-07 13:56:40
1122,rb2210,SHFE,0_0_     2505659,空,平今,5061.0,1,2022-04-07 13:56:40
1123,rb2210,SHFE,0_0_     2505833,空,平今,5061.0,4,2022-04-07 13:56:43
1124,rb2210,SHFE,0_0_     2506343,多,开,5060.0,1,2022-04-07 13:56:49
1125,rb2210,SHFE,0_0_     2509118,空,开,5062.0,1,2022-04-07 13:57:17
1126,rb2210,SHFE,0_0_     2509118,空,开,5062.0,1,2022-04-07 13:57:17
1127,rb2210,SHFE,0_0_     2509440,空,开,5062.0,3,2022-04-07 13:57:19
1128,rb2210,SHFE,0_0_     2509572,多,平今,5061.0,1,2022-04-07 13:57:23
1129,rb2210,SHFE,0_0_     2509572,多,平今,5061.0,2,2022-04-07 13:57:24
1130,rb2210,SHFE,0_0_     2510192,空,开,5062.0,1,2022-04-07 13:57:24
1131,rb2210,SHFE,0_0_     2510192,空,开,5062.0,1,2022-04-07 13:57:24
1132,rb2210,SHFE,0_0_     2510193,多,平今,5061.0,2,2022-04-07 13:57:27
1133,rb2210,SHFE,0_0_     2510354,空,开,5062.0,2,2022-04-07 13:57:27
1134,rb2210,SHFE,0_0_     2510401,多,平今,5061.0,1,2022-04-07 13:57:28
1135,rb2210,SHFE,0_0_     2510401,多,平今,5061.0,1,2022-04-07 13:57:28
1136,rb2210,SHFE,0_0_     2510528,多,开,5061.0,4,2022-04-07 13:57:28
1137,rb2210,SHFE,0_0_     2511247,多,开,5061.0,3,2022-04-07 13:57:41
1138,rb2210,SHFE,0_0_     2518369,多,平今,5060.0,1,2022-04-07 13:58:56
1139,rb2210,SHFE,0_0_     2511890,空,平今,5062.0,1,2022-04-07 13:59:06
1140,rb2210,SHFE,0_0_     2521446,空,平今,5063.0,4,2022-04-07 13:59:19
1141,rb2210,SHFE,0_0_     2521957,多,开,5062.0,5,2022-04-07 13:59:23
1142,rb2210,SHFE,0_0_     2522369,空,平今,5063.0,5,2022-04-07 13:59:25
1143,rb2210,SHFE,0_0_     2522548,多,开,5062.0,4,2022-04-07 13:59:25
1144,rb2210,SHFE,0_0_     2522548,多,开,5062.0,1,2022-04-07 13:59:25
1145,rb2210,SHFE,0_0_     2522577,空,平今,5063.0,3,2022-04-07 13:59:42
1146,rb2210,SHFE,0_0_     2522577,空,平今,5063.0,1,2022-04-07 13:59:42
1147,rb2210,SHFE,0_0_     2522577,空,平今,5063.0,1,2022-04-07 13:59:44
1148,rb2210,SHFE,0_0_     2534384,空,平今,5064.0,1,2022-04-07 14:01:02
1149,rb2210,SHFE,0_0_     2534384,空,平今,5064.0,1,2022-04-07 14:01:02
1150,rb2210,SHFE,0_0_     2536354,多,平今,5061.0,1,2022-04-07 14:01:21
1151,rb2210,SHFE,0_0_     2537315,空,开,5062.0,2,2022-04-07 14:01:23
1152,rb2210,SHFE,0_0_     2524994,空,平今,5066.0,1,2022-04-07 14:01:56
1153,rb2210,SHFE,0_0_     2525020,空,开,5066.0,2,2022-04-07 14:01:56
1154,rb2210,SHFE,0_0_     2525020,空,开,5066.0,2,2022-04-07 14:01:59
1155,rb2210,SHFE,0_0_     2542190,多,平今,5068.0,2,2022-04-07 14:02:04
1156,rb2210,SHFE,0_0_     2541766,多,开,5067.0,1,2022-04-07 14:02:04
1157,rb2210,SHFE,0_0_     2541766,多,开,5067.0,2,2022-04-07 14:02:04
1158,rb2210,SHFE,0_0_     2541766,多,开,5067.0,1,2022-04-07 14:02:04
1159,rb2210,SHFE,0_0_     2542568,多,开,5068.0,3,2022-04-07 14:02:07
1160,rb2210,SHFE,0_0_     2542667,空,平今,5069.0,4,2022-04-07 14:02:10
1161,rb2210,SHFE,0_0_     2543429,空,开,5071.0,4,2022-04-07 14:02:18
1162,rb2210,SHFE,0_0_     2543787,空,平今,5071.0,1,2022-04-07 14:02:20
1163,rb2210,SHFE,0_0_     2543787,空,平今,5071.0,1,2022-04-07 14:02:20
1164,rb2210,SHFE,0_0_     2543980,多,平今,5070.0,2,2022-04-07 14:02:20
1165,rb2210,SHFE,0_0_     2544024,空,开,5071.0,2,2022-04-07 14:02:20
1166,rb2210,SHFE,0_0_     2544025,多,平今,5070.0,1,2022-04-07 14:02:20
1167,rb2210,SHFE,0_0_     2544025,多,平今,5070.0,1,2022-04-07 14:02:21
1168,rb2210,SHFE,0_0_     2544366,多,平今,5072.0,2,2022-04-07 14:02:25
1169,rb2210,SHFE,0_0_     2545087,多,开,5072.0,3,2022-04-07 14:02:34
1170,rb2210,SHFE,0_0_     2545091,空,平今,5073.0,3,2022-04-07 14:02:34
1171,rb2210,SHFE,0_0_     2545106,多,开,5072.0,1,2022-04-07 14:02:34
1172,rb2210,SHFE,0_0_     2545106,多,开,5072.0,1,2022-04-07 14:02:34
1173,rb2210,SHFE,0_0_     2545106,多,开,5072.0,1,2022-04-07 14:02:34
1174,rb2210,SHFE,0_0_     2545113,空,平今,5073.0,1,2022-04-07 14:02:34
1175,rb2210,SHFE,0_0_     2545113,空,平今,5073.0,2,2022-04-07 14:02:34
1176,rb2210,SHFE,0_0_     2545223,空,开,5073.0,4,2022-04-07 14:02:36
1177,rb2210,SHFE,0_0_     2545312,多,平今,5072.0,4,2022-04-07 14:02:36
1178,rb2210,SHFE,0_0_     2545312,多,平今,5072.0,1,2022-04-07 14:02:36
1179,rb2210,SHFE,0_0_     2545323,空,开,5073.0,5,2022-04-07 14:02:40
1180,rb2210,SHFE,0_0_     2545824,多,平今,5072.0,5,2022-04-07 14:02:40
1181,rb2210,SHFE,0_0_     2549591,多,平今,5070.0,1,2022-04-07 14:03:11
1182,rb2210,SHFE,0_0_     2549964,空,平今,5071.0,1,2022-04-07 14:03:18
1183,rb2210,SHFE,0_0_     2550695,多,开,5070.0,1,2022-04-07 14:03:19
1184,rb2210,SHFE,0_0_     2550695,多,开,5070.0,3,2022-04-07 14:03:19
1185,rb2210,SHFE,0_0_     2542842,多,开,5068.0,1,2022-04-07 14:03:37
1186,rb2210,SHFE,0_0_     2542842,多,开,5068.0,1,2022-04-07 14:03:38
1187,rb2210,SHFE,0_0_     2542842,多,开,5068.0,1,2022-04-07 14:03:38
1188,rb2210,SHFE,0_0_     2542842,多,开,5068.0,1,2022-04-07 14:03:38
1189,rb2210,SHFE,0_0_     2541554,多,平今,5065.0,1,2022-04-07 14:05:21
1190,rb2210,SHFE,0_0_     2564514,空,平今,5065.0,1,2022-04-07 14:05:23
1191,rb2210,SHFE,0_0_     2564514,空,平今,5065.0,1,2022-04-07 14:05:23
1192,rb2210,SHFE,0_0_     2564514,空,平今,5065.0,1,2022-04-07 14:05:23
1193,rb2210,SHFE,0_0_     2564514,空,平今,5065.0,1,2022-04-07 14:05:23
1194,rb2210,SHFE,0_0_     2564514,空,平今,5065.0,1,2022-04-07 14:05:23
1195,rb2210,SHFE,0_0_     2564930,多,平今,5064.0,1,2022-04-07 14:05:29
1196,rb2210,SHFE,0_0_     2564967,空,开,5065.0,1,2022-04-07 14:05:29
1197,rb2210,SHFE,0_0_     2545889,空,开,5073.0,1,2022-04-07 14:07:03
1198,rb2210,SHFE,0_0_     2545889,空,开,5073.0,2,2022-04-07 14:07:03
1199,rb2210,SHFE,0_0_     2545889,空,开,5073.0,2,2022-04-07 14:07:04
1200,rb2210,SHFE,0_0_     2576034,多,平今,5076.0,2,2022-04-07 14:07:21
1201,rb2210,SHFE,0_0_     2576357,空,平今,5075.0,1,2022-04-07 14:07:24
1202,rb2210,SHFE,0_0_     2576733,空,开,5075.0,4,2022-04-07 14:07:27
1203,rb2210,SHFE,0_0_     2577008,多,平今,5074.0,1,2022-04-07 14:07:28
1204,rb2210,SHFE,0_0_     2577008,多,平今,5074.0,1,2022-04-07 14:07:28
1205,rb2210,SHFE,0_0_     2577008,多,平今,5074.0,1,2022-04-07 14:07:28
1206,rb2210,SHFE,0_0_     2577008,多,平今,5074.0,1,2022-04-07 14:07:28
1207,rb2210,SHFE,0_0_     2577159,空,平今,5075.0,1,2022-04-07 14:07:31
1208,rb2210,SHFE,0_0_     2577159,空,平今,5075.0,1,2022-04-07 14:07:31
1209,rb2210,SHFE,0_0_     2577697,空,开,5074.0,1,2022-04-07 14:07:32
1210,rb2210,SHFE,0_0_     2573607,多,开,5072.0,3,2022-04-07 14:07:47
1211,rb2210,SHFE,0_0_     2573917,多,平今,5072.0,3,2022-04-07 14:07:47
1212,rb2210,SHFE,0_0_     2579112,空,开,5073.0,1,2022-04-07 14:07:49
1213,rb2210,SHFE,0_0_     2579112,空,开,5073.0,1,2022-04-07 14:07:50
1214,rb2210,SHFE,0_0_     2579112,空,开,5073.0,1,2022-04-07 14:07:50
1215,rb2210,SHFE,0_0_     2579112,空,开,5073.0,1,2022-04-07 14:07:50
1216,rb2210,SHFE,0_0_     2579131,空,平今,5073.0,1,2022-04-07 14:07:50
1217,rb2210,SHFE,0_0_     2579964,空,平今,5073.0,1,2022-04-07 14:07:57
1218,rb2210,SHFE,0_0_     2584002,空,开,5069.0,2,2022-04-07 14:08:30
1219,rb2210,SHFE,0_0_     2584146,多,平今,5069.0,4,2022-04-07 14:08:31
1220,rb2210,SHFE,0_0_     2584413,空,平今,5069.0,1,2022-04-07 14:08:35
1221,rb2210,SHFE,0_0_     2584606,空,开,5069.0,1,2022-04-07 14:08:40
1222,rb2210,SHFE,0_0_     2584606,空,开,5069.0,1,2022-04-07 14:08:40
1223,rb2210,SHFE,0_0_     2584606,空,开,5069.0,2,2022-04-07 14:08:40
1224,rb2210,SHFE,0_0_     2586461,多,平今,5069.0,3,2022-04-07 14:09:24
1225,rb2210,SHFE,0_0_     2596034,多,平今,5070.0,1,2022-04-07 14:11:41
1226,rb2210,SHFE,0_0_     2606483,多,平今,5075.0,2,2022-04-07 14:12:33
1227,rb2210,SHFE,0_0_     2606483,多,平今,5075.0,1,2022-04-07 14:12:33
1228,rb2210,SHFE,0_0_     2606483,多,平今,5075.0,1,2022-04-07 14:12:34
1229,rb2210,SHFE,0_0_     2607216,空,开,5075.0,4,2022-04-07 14:12:38
1230,rb2210,SHFE,0_0_     2607478,多,平今,5074.0,1,2022-04-07 14:13:11
1231,rb2210,SHFE,0_0_     2607478,多,平今,5074.0,1,2022-04-07 14:13:11
1232,rb2210,SHFE,0_0_     2607478,多,平今,5074.0,1,2022-04-07 14:13:11
1233,rb2210,SHFE,0_0_     2607478,多,平今,5074.0,1,2022-04-07 14:13:11
1234,rb2210,SHFE,0_0_     2610471,空,开,5075.0,2,2022-04-07 14:13:20
1235,rb2210,SHFE,0_0_     2611948,空,开,5075.0,2,2022-04-07 14:13:29
1236,rb2210,SHFE,0_0_     2611948,空,开,5075.0,1,2022-04-07 14:13:29
1237,rb2210,SHFE,0_0_     2612304,多,平今,5075.0,1,2022-04-07 14:13:30
1238,rb2210,SHFE,0_0_     2612304,多,平今,5075.0,1,2022-04-07 14:13:30
1239,rb2210,SHFE,0_0_     2612466,空,开,5075.0,2,2022-04-07 14:13:33
1240,rb2210,SHFE,0_0_     2614578,多,平今,5077.0,1,2022-04-07 14:14:06
1241,rb2210,SHFE,0_0_     2614578,多,平今,5077.0,1,2022-04-07 14:14:07
1242,rb2210,SHFE,0_0_     2614578,多,平今,5077.0,1,2022-04-07 14:14:07
1243,rb2210,SHFE,0_0_     2615078,空,开,5078.0,1,2022-04-07 14:14:12
1244,rb2210,SHFE,0_0_     2615363,多,开,5079.0,2,2022-04-07 14:14:13
1245,rb2210,SHFE,0_0_     2615363,多,开,5079.0,1,2022-04-07 14:14:13
1246,rb2210,SHFE,0_0_     2615363,多,开,5079.0,2,2022-04-07 14:14:13
1247,rb2210,SHFE,0_0_     2615363,多,开,5079.0,1,2022-04-07 14:14:13
1248,rb2210,SHFE,0_0_     2615363,多,开,5079.0,1,2022-04-07 14:14:13
1249,rb2210,SHFE,0_0_     2617635,空,平今,5083.0,3,2022-04-07 14:14:35
1250,rb2210,SHFE,0_0_     2618990,多,平今,5082.0,1,2022-04-07 14:14:48
1251,rb2210,SHFE,0_0_     2618990,多,平今,5082.0,1,2022-04-07 14:14:48
1252,rb2210,SHFE,0_0_     2619458,多,平今,5083.0,1,2022-04-07 14:14:53
1253,rb2210,SHFE,0_0_     2619531,多,开,5083.0,4,2022-04-07 14:14:54
1254,rb2210,SHFE,0_0_     2619973,空,平今,5084.0,2,2022-04-07 14:15:00
1255,rb2210,SHFE,0_0_     2619973,空,平今,5084.0,1,2022-04-07 14:15:00
1256,rb2210,SHFE,0_0_     2620589,多,开,5083.0,1,2022-04-07 14:15:01
1257,rb2210,SHFE,0_0_     2621321,空,开,5081.0,4,2022-04-07 14:15:05
1258,rb2210,SHFE,0_0_     2621321,空,开,5081.0,2,2022-04-07 14:15:05
1259,rb2210,SHFE,0_0_     2621321,空,开,5081.0,1,2022-04-07 14:15:05
1260,rb2210,SHFE,0_0_     2620732,空,平今,5083.0,1,2022-04-07 14:15:08
1261,rb2210,SHFE,0_0_     2621581,多,平今,5081.0,6,2022-04-07 14:15:08
1262,rb2210,SHFE,0_0_     2624349,空,开,5077.0,2,2022-04-07 14:15:33
1263,rb2210,SHFE,0_0_     2624349,空,开,5077.0,1,2022-04-07 14:15:33
1264,rb2210,SHFE,0_0_     2624349,空,开,5077.0,1,2022-04-07 14:15:33
1265,rb2210,SHFE,0_0_     2624399,多,平今,5076.0,3,2022-04-07 14:15:34
1266,rb2210,SHFE,0_0_     2624399,多,平今,5076.0,1,2022-04-07 14:15:34
1267,rb2210,SHFE,0_0_     2624499,空,开,5077.0,1,2022-04-07 14:15:35
1268,rb2210,SHFE,0_0_     2624499,空,开,5077.0,1,2022-04-07 14:15:35
1269,rb2210,SHFE,0_0_     2624499,空,开,5077.0,1,2022-04-07 14:15:35
1270,rb2210,SHFE,0_0_     2624499,空,开,5077.0,1,2022-04-07 14:15:35
1271,rb2210,SHFE,0_0_     2624524,多,平今,5076.0,4,2022-04-07 14:15:37
1272,rb2210,SHFE,0_0_     2632896,多,开,5075.0,3,2022-04-07 14:17:05
1273,rb2210,SHFE,0_0_     2640806,空,平今,5077.0,1,2022-04-07 14:18:28
1274,rb2210,SHFE,0_0_     2641748,空,开,5076.0,7,2022-04-07 14:18:38
1275,rb2210,SHFE,0_0_     2652126,空,平今,5074.0,7,2022-04-07 14:21:06
1276,rb2210,SHFE,0_0_     2656470,多,平今,5071.0,1,2022-04-07 14:23:21
1277,rb2210,SHFE,0_0_     2666929,多,平今,5066.0,1,2022-04-07 14:23:31
1278,rb2210,SHFE,0_0_     2666929,多,平今,5066.0,1,2022-04-07 14:23:31
1279,rb2210,SHFE,0_0_     2666929,多,平今,5066.0,1,2022-04-07 14:23:31
1280,rb2210,SHFE,0_0_     2666955,空,开,5067.0,1,2022-04-07 14:23:32
1281,rb2210,SHFE,0_0_     2666955,空,开,5067.0,1,2022-04-07 14:23:32
1282,rb2210,SHFE,0_0_     2666955,空,开,5067.0,1,2022-04-07 14:23:32
1283,rb2210,SHFE,0_0_     2667006,多,平今,5066.0,1,2022-04-07 14:23:32
1284,rb2210,SHFE,0_0_     2667006,多,平今,5066.0,2,2022-04-07 14:23:32
1285,rb2210,SHFE,0_0_     2667028,空,开,5067.0,1,2022-04-07 14:23:33
1286,rb2210,SHFE,0_0_     2667028,空,开,5067.0,2,2022-04-07 14:23:33
1287,rb2210,SHFE,0_0_     2667092,多,平今,5066.0,2,2022-04-07 14:23:35
1288,rb2210,SHFE,0_0_     2667219,空,开,5067.0,1,2022-04-07 14:23:35
1289,rb2210,SHFE,0_0_     2667219,空,开,5067.0,1,2022-04-07 14:23:36
1290,rb2210,SHFE,0_0_     2667276,多,平今,5066.0,1,2022-04-07 14:23:36
1291,rb2210,SHFE,0_0_     2667416,多,平今,5065.0,5,2022-04-07 14:23:41
1292,rb2210,SHFE,0_0_     2667577,空,开,5065.0,1,2022-04-07 14:23:41
1293,rb2210,SHFE,0_0_     2667578,空,开,5066.0,4,2022-04-07 14:23:43
1294,rb2210,SHFE,0_0_     2667277,空,开,5067.0,1,2022-04-07 14:23:45
1295,rb2210,SHFE,0_0_     2667909,多,开,5067.0,2,2022-04-07 14:23:48
1296,rb2210,SHFE,0_0_     2667790,多,平今,5066.0,1,2022-04-07 14:23:48
1297,rb2210,SHFE,0_0_     2676512,多,开,5068.0,3,2022-04-07 14:25:28
1298,rb2210,SHFE,0_0_     2677765,空,平今,5069.0,3,2022-04-07 14:25:47
1299,rb2210,SHFE,0_0_     2679637,多,开,5068.0,3,2022-04-07 14:25:55
1300,rb2210,SHFE,0_0_     2679970,空,平今,5069.0,3,2022-04-07 14:26:06
1301,rb2210,SHFE,0_0_     2667700,多,平今,5065.0,1,2022-04-07 14:26:23
1302,rb2210,SHFE,0_0_     2667700,多,平今,5065.0,1,2022-04-07 14:26:23
1303,rb2210,SHFE,0_0_     2667700,多,平今,5065.0,4,2022-04-07 14:26:24
1304,rb2210,SHFE,0_0_     2683563,空,平今,5065.0,1,2022-04-07 14:26:29
1305,rb2210,SHFE,0_0_     2683990,空,开,5064.0,2,2022-04-07 14:26:33
1306,rb2210,SHFE,0_0_     2684093,空,平今,5064.0,1,2022-04-07 14:26:34
1307,rb2210,SHFE,0_0_     2683404,空,开,5066.0,4,2022-04-07 14:26:41
1308,rb2210,SHFE,0_0_     2684691,多,平今,5065.000000000001,1,2022-04-07 14:27:34
1309,rb2210,SHFE,0_0_     2684691,多,平今,5065.0,1,2022-04-07 14:27:35
1310,rb2210,SHFE,0_0_     2684691,多,平今,5065.0,1,2022-04-07 14:27:36
1311,rb2210,SHFE,0_0_     2684691,多,平今,5065.0,1,2022-04-07 14:27:36
1312,rb2210,SHFE,0_0_     2691008,空,开,5065.0,1,2022-04-07 14:27:57
1313,rb2210,SHFE,0_0_     2696066,空,开,5063.0,4,2022-04-07 14:28:38
1314,rb2210,SHFE,0_0_     2698005,多,平今,5062.0,1,2022-04-07 14:29:08
1315,rb2210,SHFE,0_0_     2698005,多,平今,5062.0,1,2022-04-07 14:29:09
1316,rb2210,SHFE,0_0_     2699298,空,开,5064.0,2,2022-04-07 14:29:19
1317,rb2210,SHFE,0_0_     2699682,多,平今,5063.0,1,2022-04-07 14:29:21
1318,rb2210,SHFE,0_0_     2699682,多,平今,5063.0,1,2022-04-07 14:29:21
1319,rb2210,SHFE,0_0_     2699775,空,开,5064.0,2,2022-04-07 14:29:46
1320,rb2210,SHFE,0_0_     2701491,多,平今,5063.0,1,2022-04-07 14:29:46
1321,rb2210,SHFE,0_0_     2701491,多,平今,5063.0,1,2022-04-07 14:29:47
1322,rb2210,SHFE,0_0_     2705432,多,平今,5067.0,1,2022-04-07 14:30:28
1323,rb2210,SHFE,0_0_     2702505,多,平今,5063.0,3,2022-04-07 14:31:01
1324,rb2210,SHFE,0_0_     2708484,空,开,5065.0,1,2022-04-07 14:31:01
1325,rb2210,SHFE,0_0_     2708995,多,开,5064.0,2,2022-04-07 14:31:01
1326,rb2210,SHFE,0_0_     2709254,多,开,5063.0,2,2022-04-07 14:31:08
1327,rb2210,SHFE,0_0_     2709254,多,开,5063.0,1,2022-04-07 14:31:08
1328,rb2210,SHFE,0_0_     2710035,空,平今,5064.000000000001,2,2022-04-07 14:31:12
1329,rb2210,SHFE,0_0_     2710698,空,开,5065.0,5,2022-04-07 14:31:17
1330,rb2210,SHFE,0_0_     2710698,空,开,5065.0,1,2022-04-07 14:31:17
1331,rb2210,SHFE,0_0_     2710838,多,平今,5064.000000000001,1,2022-04-07 14:31:19
1332,rb2210,SHFE,0_0_     2712842,空,平今,5060.0,2,2022-04-07 14:31:37
1333,rb2210,SHFE,0_0_     2716865,多,平今,5062.0,1,2022-04-07 14:32:15
1334,rb2210,SHFE,0_0_     2717175,空,开,5063.0,1,2022-04-07 14:32:16
1335,rb2210,SHFE,0_0_     2717175,空,开,5063.0,1,2022-04-07 14:33:05
1336,rb2210,SHFE,0_0_     2721323,多,平今,5062.0,1,2022-04-07 14:33:06
1337,rb2210,SHFE,0_0_     2764828,多,平今,5072.0,2,2022-04-07 14:40:17
1338,rb2210,SHFE,0_0_     2767351,多,平今,5073.0,1,2022-04-07 14:40:37
1339,rb2210,SHFE,0_0_     2767515,空,开,5073.0,2,2022-04-07 14:40:39
1340,rb2210,SHFE,0_0_     2769895,多,开,5075.0,2,2022-04-07 14:41:06
1341,rb2210,SHFE,0_0_     2769895,多,开,5075.0,2,2022-04-07 14:41:06
1342,rb2210,SHFE,0_0_     2778863,空,平今,5082.0,1,2022-04-07 14:42:41
1343,rb2210,SHFE,0_0_     2781060,多,平今,5087.0,1,2022-04-07 14:43:05
1344,rb2210,SHFE,0_0_     2781362,空,平今,5090.0,1,2022-04-07 14:43:09
1345,rb2210,SHFE,0_0_     2781362,空,平今,5090.0,1,2022-04-07 14:43:09
1346,rb2210,SHFE,0_0_     2781715,多,平今,5090.0,1,2022-04-07 14:43:12
1347,rb2210,SHFE,0_0_     2781715,多,平今,5090.0,1,2022-04-07 14:43:12
1348,rb2210,SHFE,0_0_     2781715,多,平今,5090.0,1,2022-04-07 14:43:12
1349,rb2210,SHFE,0_0_     2782085,多,开,5089.0,4,2022-04-07 14:43:16
1350,rb2210,SHFE,0_0_     2782428,空,平今,5091.0,1,2022-04-07 14:43:20
1351,rb2210,SHFE,0_0_     2782428,空,平今,5091.0,3,2022-04-07 14:43:20
1352,rb2210,SHFE,0_0_     2782646,多,开,5091.0,6,2022-04-07 14:43:23
1353,rb2210,SHFE,0_0_     2782923,空,平今,5092.0,4,2022-04-07 14:43:23
1354,rb2210,SHFE,0_0_     2782985,多,开,5091.0,1,2022-04-07 14:43:23
1355,rb2210,SHFE,0_0_     2782985,多,开,5091.0,1,2022-04-07 14:43:23
1356,rb2210,SHFE,0_0_     2782985,多,开,5091.0,1,2022-04-07 14:43:23
1357,rb2210,SHFE,0_0_     2782986,空,平今,5092.0,1,2022-04-07 14:43:23
1358,rb2210,SHFE,0_0_     2782986,空,平今,5092.0,1,2022-04-07 14:43:23
1359,rb2210,SHFE,0_0_     2782986,空,平今,5092.0,1,2022-04-07 14:43:23
1360,rb2210,SHFE,0_0_     2782998,多,开,5091.0,3,2022-04-07 14:43:23
1361,rb2210,SHFE,0_0_     2782999,空,平今,5092.0,3,2022-04-07 14:43:23
1362,rb2210,SHFE,0_0_     2783000,多,开,5091.0,3,2022-04-07 14:43:24
1363,rb2210,SHFE,0_0_     2783074,空,平今,5092.0,3,2022-04-07 14:43:24
1364,rb2210,SHFE,0_0_     2783078,多,开,5091.0,1,2022-04-07 14:43:24
1365,rb2210,SHFE,0_0_     2783078,多,开,5091.0,2,2022-04-07 14:43:24
1366,rb2210,SHFE,0_0_     2783091,空,平今,5092.0,1,2022-04-07 14:43:24
1367,rb2210,SHFE,0_0_     2783091,空,平今,5092.0,2,2022-04-07 14:43:24
1368,rb2210,SHFE,0_0_     2783092,多,开,5091.0,3,2022-04-07 14:43:24
1369,rb2210,SHFE,0_0_     2784036,空,平今,5091.0,4,2022-04-07 14:43:32
1370,rb2210,SHFE,0_0_     2784184,多,开,5090.0,1,2022-04-07 14:43:32
1371,rb2210,SHFE,0_0_     2784184,多,开,5090.0,1,2022-04-07 14:43:32
1372,rb2210,SHFE,0_0_     2784184,多,开,5090.0,2,2022-04-07 14:43:32
1373,rb2210,SHFE,0_0_     2784195,空,平今,5091.0,4,2022-04-07 14:43:33
1374,rb2210,SHFE,0_0_     2784310,多,开,5090.0,4,2022-04-07 14:43:38
1375,rb2210,SHFE,0_0_     2784758,空,平今,5091.0,4,2022-04-07 14:43:38
1376,rb2210,SHFE,0_0_     2787621,空,开,5089.0,4,2022-04-07 14:44:03
1377,rb2210,SHFE,0_0_     2798909,多,平今,5088.0,4,2022-04-07 14:45:58
1378,rb2210,SHFE,0_0_     2799085,空,平今,5088.0,1,2022-04-07 14:45:59
1379,rb2210,SHFE,0_0_     2799085,空,平今,5088.0,1,2022-04-07 14:45:59
1380,rb2210,SHFE,0_0_     2803590,空,开,5086.0,2,2022-04-07 14:46:40
1381,rb2210,SHFE,0_0_     2804199,空,开,5086.0,1,2022-04-07 14:46:59
1382,rb2210,SHFE,0_0_     2805850,多,平今,5086.0,2,2022-04-07 14:47:04
1383,rb2210,SHFE,0_0_     2813893,空,开,5083.0,3,2022-04-07 14:48:15
1384,rb2210,SHFE,0_0_     2815563,多,平今,5083.0,2,2022-04-07 14:48:30
1385,rb2210,SHFE,0_0_     2815563,多,平今,5083.0,1,2022-04-07 14:48:30
1386,rb2210,SHFE,0_0_     2815576,空,开,5084.0,1,2022-04-07 14:48:38
1387,rb2210,SHFE,0_0_     2815576,空,开,5084.0,2,2022-04-07 14:48:38
1388,rb2210,SHFE,0_0_     2816359,多,平今,5083.0,2,2022-04-07 14:48:39
1389,rb2210,SHFE,0_0_     2816359,多,平今,5083.0,1,2022-04-07 14:48:40
1390,rb2210,SHFE,0_0_     2816506,空,平今,5084.0,1,2022-04-07 14:48:45
1391,rb2210,SHFE,0_0_     2816943,多,平今,5083.0,1,2022-04-07 14:48:50
1392,rb2210,SHFE,0_0_     2817312,空,开,5084.0,4,2022-04-07 14:48:51
1393,rb2210,SHFE,0_0_     2818385,多,平今,5082.0,1,2022-04-07 14:49:20
1394,rb2210,SHFE,0_0_     2818385,多,平今,5082.0,1,2022-04-07 14:49:20
1395,rb2210,SHFE,0_0_     2820056,空,开,5083.0,2,2022-04-07 14:49:37
1396,rb2210,SHFE,0_0_     2822199,多,平今,5082.0,1,2022-04-07 14:49:45
1397,rb2210,SHFE,0_0_     2822199,多,平今,5082.0,1,2022-04-07 14:49:45
1398,rb2210,SHFE,0_0_     2824444,多,平今,5081.0,1,2022-04-07 14:50:01
1399,rb2210,SHFE,0_0_     2824444,多,平今,5081.0,1,2022-04-07 14:50:01
1400,rb2210,SHFE,0_0_     2843987,空,开,5075.0,4,2022-04-07 14:53:07
1401,rb2210,SHFE,0_0_     2857360,多,平今,5075.0,4,2022-04-07 14:55:18
1402,rb2210,SHFE,0_0_     2860011,空,开,5076.0,4,2022-04-07 14:55:20
1403,rb2210,SHFE,0_0_     2860271,多,平今,5075.0,4,2022-04-07 14:55:47
1404,rb2210,SHFE,0_0_     2863049,空,开,5076.0,1,2022-04-07 14:55:49
1405,rb2210,SHFE,0_0_     2863764,空,开,5076.0,2,2022-04-07 14:55:55
1406,rb2210,SHFE,0_0_     2864778,多,平今,5076.0,4,2022-04-07 14:56:48
1407,rb2210,SHFE,0_0_     2869268,空,开,5077.0,4,2022-04-07 14:56:51
1408,rb2210,SHFE,0_0_     2872990,空,开,5075.0,1,2022-04-07 14:57:36
1409,rb2210,SHFE,0_0_     2874110,多,平今,5074.0,1,2022-04-07 14:57:39
1410,rb2210,SHFE,0_0_     2881649,多,平今,5069.0,5,2022-04-07 14:58:55
1411,rb2210,SHFE,0_0_     2881728,多,开,5069.0,1,2022-04-07 14:58:57
