,code,exchange,orderid,direction,offset,price,volume,datetime
0,rb2210,SHFE,0_0_         117,多,平昨,5009.0,4,2022-04-08 21:00:12
1,rb2210,SHFE,0_0_         215,空,平昨,5008.0,1,2022-04-08 21:00:15
2,rb2210,SHFE,0_0_         215,空,平昨,5008.0,3,2022-04-08 21:00:15
3,rb2210,SHFE,0_0_         234,多,开,5007.0,1,2022-04-08 21:00:17
4,rb2210,SHFE,0_0_         234,多,开,5007.0,1,2022-04-08 21:00:17
5,rb2210,SHFE,0_0_         234,多,开,5007.0,2,2022-04-08 21:00:17
6,rb2210,SHFE,0_0_         284,空,平今,5008.0,2,2022-04-08 21:00:17
7,rb2210,SHFE,0_0_         284,空,平今,5008.0,2,2022-04-08 21:00:17
8,rb2210,SHFE,0_0_         288,多,开,5007.0,4,2022-04-08 21:00:24
9,rb2210,SHFE,0_0_         446,空,平今,5008.0,4,2022-04-08 21:00:24
10,rb2210,SHFE,0_0_         739,空,开,5007.0,3,2022-04-08 21:00:42
11,rb2210,SHFE,0_0_         794,多,开,5006.0,4,2022-04-08 21:00:45
12,rb2210,SHFE,0_0_         937,多,开,5010.0,1,2022-04-08 21:00:55
13,rb2210,SHFE,0_0_         937,多,开,5010.0,2,2022-04-08 21:00:55
14,rb2210,SHFE,0_0_         937,多,开,5010.0,1,2022-04-08 21:00:55
15,rb2210,SHFE,0_0_         962,空,平今,5012.0,1,2022-04-08 21:00:57
16,rb2210,SHFE,0_0_         988,空,平今,5012.0,3,2022-04-08 21:00:57
17,rb2210,SHFE,0_0_         989,多,开,5011.0,1,2022-04-08 21:00:57
18,rb2210,SHFE,0_0_         989,多,开,5011.0,3,2022-04-08 21:00:57
19,rb2210,SHFE,0_0_        1205,空,平今,5009.0,1,2022-04-08 21:01:09
20,rb2210,SHFE,0_0_        1224,空,平今,5010.0,3,2022-04-08 21:02:00
21,rb2210,SHFE,0_0_        2679,多,平昨,5009.0,3,2022-04-08 21:02:00
22,rb2210,SHFE,0_0_        3050,空,开,5010.0,1,2022-04-08 21:02:09
23,rb2210,SHFE,0_0_        3050,空,开,5010.0,1,2022-04-08 21:02:09
24,rb2210,SHFE,0_0_        3050,空,开,5010.0,1,2022-04-08 21:02:09
25,rb2210,SHFE,0_0_        3050,空,开,5010.0,1,2022-04-08 21:02:09
26,rb2210,SHFE,0_0_        3050,空,开,5010.0,1,2022-04-08 21:02:09
27,rb2210,SHFE,0_0_        4299,多,平今,5003.0,2,2022-04-08 21:02:39
28,rb2210,SHFE,0_0_        4305,空,平今,5004.0,2,2022-04-08 21:02:39
29,rb2210,SHFE,0_0_        4369,多,平今,5003.0,4,2022-04-08 21:02:41
30,rb2210,SHFE,0_0_        4412,多,开,5003.0,1,2022-04-08 21:02:43
31,rb2210,SHFE,0_0_        4412,多,开,5003.0,1,2022-04-08 21:02:43
32,rb2210,SHFE,0_0_        4412,多,开,5003.0,1,2022-04-08 21:02:43
33,rb2210,SHFE,0_0_        4412,多,开,5003.0,1,2022-04-08 21:02:43
34,rb2210,SHFE,0_0_        4526,空,平今,5004.0,1,2022-04-08 21:02:47
35,rb2210,SHFE,0_0_        4595,多,平今,5003.0,1,2022-04-08 21:02:47
36,rb2210,SHFE,0_0_        4617,空,开,5003.0,1,2022-04-08 21:02:48
37,rb2210,SHFE,0_0_        4617,空,开,5003.0,1,2022-04-08 21:02:48
38,rb2210,SHFE,0_0_        4617,空,开,5003.0,3,2022-04-08 21:02:48
39,rb2210,SHFE,0_0_        4617,空,开,5003.0,1,2022-04-08 21:02:48
40,rb2210,SHFE,0_0_        4617,空,开,5003.0,1,2022-04-08 21:02:48
41,rb2210,SHFE,0_0_        5084,空,平今,5002.0,1,2022-04-08 21:02:54
42,rb2210,SHFE,0_0_        5343,多,平今,5001.0,4,2022-04-08 21:02:59
43,rb2210,SHFE,0_0_        5932,多,平今,4998.0,4,2022-04-08 21:03:10
44,rb2210,SHFE,0_0_        5977,空,平今,4999.0,2,2022-04-08 21:03:11
45,rb2210,SHFE,0_0_        6010,空,开,4999.0,2,2022-04-08 21:03:11
46,rb2210,SHFE,0_0_        6912,多,开,4997.0,5,2022-04-08 21:03:26
47,rb2210,SHFE,0_0_        6955,空,平今,4998.0,1,2022-04-08 21:03:28
48,rb2210,SHFE,0_0_        6955,空,平今,4998.0,1,2022-04-08 21:03:28
49,rb2210,SHFE,0_0_        9639,空,平今,5002.0,3,2022-04-08 21:04:19
50,rb2210,SHFE,0_0_        4599,空,平今,5004.0,1,2022-04-08 21:04:30
51,rb2210,SHFE,0_0_       10754,多,开,5003.000000000001,4,2022-04-08 21:04:31
52,rb2210,SHFE,0_0_       10877,多,平今,5003.0,2,2022-04-08 21:04:33
53,rb2210,SHFE,0_0_       11161,多,开,5004.0,1,2022-04-08 21:04:37
54,rb2210,SHFE,0_0_       15170,空,平今,5009.0,3,2022-04-08 21:05:19
55,rb2210,SHFE,0_0_       15558,多,开,5008.0,3,2022-04-08 21:05:22
56,rb2210,SHFE,0_0_       15989,空,平今,5009.0,1,2022-04-08 21:05:22
57,rb2210,SHFE,0_0_       15989,空,平今,5009.0,2,2022-04-08 21:05:22
58,rb2210,SHFE,0_0_       18173,多,开,5008.0,2,2022-04-08 21:05:43
59,rb2210,SHFE,0_0_       20255,多,开,5009.0,1,2022-04-08 21:05:59
60,rb2210,SHFE,0_0_       17429,空,开,5010.000000000001,3,2022-04-08 21:06:00
61,rb2210,SHFE,0_0_       17429,空,开,5010.0,1,2022-04-08 21:06:00
62,rb2210,SHFE,0_0_       22545,多,平今,5008.0,4,2022-04-08 21:06:22
63,rb2210,SHFE,0_0_       23155,空,开,5009.0,8,2022-04-08 21:06:27
64,rb2210,SHFE,0_0_       23844,多,开,5010.0,2,2022-04-08 21:06:30
65,rb2210,SHFE,0_0_       23649,多,平今,5008.0,4,2022-04-08 21:06:55
66,rb2210,SHFE,0_0_       23649,多,平今,5008.0,1,2022-04-08 21:06:56
67,rb2210,SHFE,0_0_       23649,多,平今,5008.0,3,2022-04-08 21:06:56
68,rb2210,SHFE,0_0_       26882,空,平今,5009.0,3,2022-04-08 21:06:57
69,rb2210,SHFE,0_0_       25202,空,平今,5011.0,4,2022-04-08 21:07:01
70,rb2210,SHFE,0_0_       27673,多,开,5010.0,1,2022-04-08 21:07:04
71,rb2210,SHFE,0_0_       27707,多,开,5010.0,2,2022-04-08 21:07:04
72,rb2210,SHFE,0_0_       28047,空,开,5011.0,6,2022-04-08 21:07:05
73,rb2210,SHFE,0_0_       28162,多,开,5010.0,3,2022-04-08 21:07:06
74,rb2210,SHFE,0_0_       28249,空,平今,5011.0,3,2022-04-08 21:07:06
75,rb2210,SHFE,0_0_       28266,多,平今,5010.0,2,2022-04-08 21:07:06
76,rb2210,SHFE,0_0_       28266,多,平今,5010.0,1,2022-04-08 21:07:06
77,rb2210,SHFE,0_0_       28301,空,平今,5011.0,1,2022-04-08 21:07:07
78,rb2210,SHFE,0_0_       28400,多,平今,5010.0,1,2022-04-08 21:07:09
79,rb2210,SHFE,0_0_       28400,多,平今,5010.0,1,2022-04-08 21:07:09
80,rb2210,SHFE,0_0_       28385,空,平今,5011.0,1,2022-04-08 21:07:12
81,rb2210,SHFE,0_0_       28935,多,开,5010.0,1,2022-04-08 21:07:13
82,rb2210,SHFE,0_0_       28935,多,开,5010.0,2,2022-04-08 21:07:13
83,rb2210,SHFE,0_0_       28617,空,平今,5011.0,2,2022-04-08 21:07:15
84,rb2210,SHFE,0_0_       29411,空,平今,5010.0,1,2022-04-08 21:07:17
85,rb2210,SHFE,0_0_       29484,空,开,5010.0,3,2022-04-08 21:07:18
86,rb2210,SHFE,0_0_       29538,空,开,5010.0,1,2022-04-08 21:07:58
87,rb2210,SHFE,0_0_       34714,多,平今,5009.0,2,2022-04-08 21:08:05
88,rb2210,SHFE,0_0_       29273,空,平今,5011.0,1,2022-04-08 21:08:11
89,rb2210,SHFE,0_0_       29273,空,平今,5011.0,1,2022-04-08 21:08:11
90,rb2210,SHFE,0_0_       36451,多,平今,5010.0,1,2022-04-08 21:08:13
91,rb2210,SHFE,0_0_       38596,多,开,5010.0,1,2022-04-08 21:08:28
92,rb2210,SHFE,0_0_       38596,多,开,5010.0,1,2022-04-08 21:08:28
93,rb2210,SHFE,0_0_       38596,多,开,5010.0,1,2022-04-08 21:08:28
94,rb2210,SHFE,0_0_       38926,空,平今,5011.0,1,2022-04-08 21:08:30
95,rb2210,SHFE,0_0_       39331,空,平今,5011.0,1,2022-04-08 21:08:34
96,rb2210,SHFE,0_0_       46344,空,开,5019.0,2,2022-04-08 21:09:12
97,rb2210,SHFE,0_0_       48772,多,开,5027.0,4,2022-04-08 21:09:23
98,rb2210,SHFE,0_0_       47921,多,平今,5020.0,4,2022-04-08 21:09:45
99,rb2210,SHFE,0_0_       53469,空,开,5021.0,4,2022-04-08 21:09:46
100,rb2210,SHFE,0_0_       48877,空,平今,5028.0,2,2022-04-08 21:10:09
101,rb2210,SHFE,0_0_       58962,空,平今,5028.0,1,2022-04-08 21:10:14
102,rb2210,SHFE,0_0_       59146,多,平今,5027.0,1,2022-04-08 21:10:14
103,rb2210,SHFE,0_0_       59158,空,平今,5028.0,1,2022-04-08 21:10:16
104,rb2210,SHFE,0_0_       59544,多,开,5027.000000000001,1,2022-04-08 21:10:16
105,rb2210,SHFE,0_0_       59559,多,开,5027.000000000001,1,2022-04-08 21:10:17
106,rb2210,SHFE,0_0_       59559,多,开,5027.000000000001,4,2022-04-08 21:10:17
107,rb2210,SHFE,0_0_       59559,多,开,5027.000000000001,1,2022-04-08 21:10:17
108,rb2210,SHFE,0_0_       59545,空,平今,5028.0,1,2022-04-08 21:10:17
109,rb2210,SHFE,0_0_       59832,空,平今,5027.0,3,2022-04-08 21:10:19
110,rb2210,SHFE,0_0_       59832,空,平今,5027.0,1,2022-04-08 21:10:19
111,rb2210,SHFE,0_0_       60093,多,开,5026.0,4,2022-04-08 21:10:20
112,rb2210,SHFE,0_0_       60096,空,平今,5027.0,4,2022-04-08 21:10:20
113,rb2210,SHFE,0_0_       60265,多,开,5026.0,4,2022-04-08 21:10:20
114,rb2210,SHFE,0_0_       60266,空,平今,5027.0,4,2022-04-08 21:10:20
115,rb2210,SHFE,0_0_       60273,多,开,5026.0,1,2022-04-08 21:10:21
116,rb2210,SHFE,0_0_       60273,多,开,5026.0,1,2022-04-08 21:10:21
117,rb2210,SHFE,0_0_       60273,多,开,5026.0,1,2022-04-08 21:10:21
118,rb2210,SHFE,0_0_       60273,多,开,5026.0,1,2022-04-08 21:10:21
119,rb2210,SHFE,0_0_       60366,空,平今,5027.0,2,2022-04-08 21:10:24
120,rb2210,SHFE,0_0_       61205,多,开,5026.0,2,2022-04-08 21:10:24
121,rb2210,SHFE,0_0_       61242,空,平今,5027.0,2,2022-04-08 21:10:29
122,rb2210,SHFE,0_0_       62137,多,开,5026.0,2,2022-04-08 21:10:29
123,rb2210,SHFE,0_0_       59616,空,平今,5029.0,1,2022-04-08 21:10:41
124,rb2210,SHFE,0_0_       59616,空,平今,5029.0,1,2022-04-08 21:10:41
125,rb2210,SHFE,0_0_       64474,多,开,5029.0,1,2022-04-08 21:10:43
126,rb2210,SHFE,0_0_       65186,空,平今,5030.0,1,2022-04-08 21:10:44
127,rb2210,SHFE,0_0_       65186,空,平今,5030.0,1,2022-04-08 21:10:44
128,rb2210,SHFE,0_0_       65186,空,平今,5030.0,1,2022-04-08 21:10:44
129,rb2210,SHFE,0_0_       65186,空,平今,5030.0,1,2022-04-08 21:10:45
130,rb2210,SHFE,0_0_       66216,多,平今,5030.0,1,2022-04-08 21:10:50
131,rb2210,SHFE,0_0_       66216,多,平今,5030.0,1,2022-04-08 21:10:50
132,rb2210,SHFE,0_0_       66216,多,平今,5030.0,1,2022-04-08 21:10:50
133,rb2210,SHFE,0_0_       65267,多,开,5029.0,1,2022-04-08 21:10:51
134,rb2210,SHFE,0_0_       65267,多,开,5029.0,4,2022-04-08 21:10:51
135,rb2210,SHFE,0_0_       66669,空,平今,5030.0,1,2022-04-08 21:10:51
136,rb2210,SHFE,0_0_       66669,空,平今,5030.0,1,2022-04-08 21:10:51
137,rb2210,SHFE,0_0_       66669,空,平今,5030.0,1,2022-04-08 21:10:51
138,rb2210,SHFE,0_0_       66669,空,平今,5030.0,1,2022-04-08 21:10:51
139,rb2210,SHFE,0_0_       67016,多,开,5030.0,4,2022-04-08 21:10:55
140,rb2210,SHFE,0_0_       67016,多,开,5030.0,1,2022-04-08 21:10:55
141,rb2210,SHFE,0_0_       68075,空,平今,5029.0,1,2022-04-08 21:10:59
142,rb2210,SHFE,0_0_       68191,空,平今,5029.0,4,2022-04-08 21:11:01
143,rb2210,SHFE,0_0_       71690,空,平今,5029.0,2,2022-04-08 21:11:19
144,rb2210,SHFE,0_0_       74467,空,开,5030.0,2,2022-04-08 21:11:34
145,rb2210,SHFE,0_0_       75166,空,开,5030.0,2,2022-04-08 21:11:38
146,rb2210,SHFE,0_0_       75936,空,平今,5030.0,1,2022-04-08 21:11:39
147,rb2210,SHFE,0_0_       79538,多,平今,5031.0,2,2022-04-08 21:12:00
148,rb2210,SHFE,0_0_       79545,空,开,5032.0,2,2022-04-08 21:12:00
149,rb2210,SHFE,0_0_       79630,多,平今,5031.0,2,2022-04-08 21:12:01
150,rb2210,SHFE,0_0_       79790,多,开,5032.0,1,2022-04-08 21:12:02
151,rb2210,SHFE,0_0_       79790,多,开,5032.0,1,2022-04-08 21:12:02
152,rb2210,SHFE,0_0_       79790,多,开,5032.0,1,2022-04-08 21:12:02
153,rb2210,SHFE,0_0_       79790,多,开,5032.0,1,2022-04-08 21:12:02
154,rb2210,SHFE,0_0_       80113,空,平今,5033.0,4,2022-04-08 21:12:03
155,rb2210,SHFE,0_0_       80325,多,开,5032.0,1,2022-04-08 21:12:03
156,rb2210,SHFE,0_0_       80325,多,开,5032.0,2,2022-04-08 21:12:03
157,rb2210,SHFE,0_0_       80325,多,开,5032.0,1,2022-04-08 21:12:03
158,rb2210,SHFE,0_0_       80438,空,平今,5033.0,1,2022-04-08 21:12:04
159,rb2210,SHFE,0_0_       80438,空,平今,5033.0,1,2022-04-08 21:12:04
160,rb2210,SHFE,0_0_       80438,空,平今,5033.0,2,2022-04-08 21:12:04
161,rb2210,SHFE,0_0_       80501,多,开,5032.000000000001,1,2022-04-08 21:12:05
162,rb2210,SHFE,0_0_       80501,多,开,5032.0,3,2022-04-08 21:12:05
163,rb2210,SHFE,0_0_       80833,空,平今,5033.0,4,2022-04-08 21:12:05
164,rb2210,SHFE,0_0_       80834,多,开,5032.0,1,2022-04-08 21:12:05
165,rb2210,SHFE,0_0_       80834,多,开,5032.0,1,2022-04-08 21:12:05
166,rb2210,SHFE,0_0_       80834,多,开,5032.0,2,2022-04-08 21:12:05
167,rb2210,SHFE,0_0_       81664,多,开,5034.0,4,2022-04-08 21:12:09
168,rb2210,SHFE,0_0_       81712,多,平今,5034.0,2,2022-04-08 21:12:09
169,rb2210,SHFE,0_0_       81843,空,平今,5034.0,2,2022-04-08 21:12:10
170,rb2210,SHFE,0_0_       81939,空,平今,5035.0,1,2022-04-08 21:12:10
171,rb2210,SHFE,0_0_       89518,多,开,5034.0,1,2022-04-08 21:12:50
172,rb2210,SHFE,0_0_       93936,空,平今,5033.0,1,2022-04-08 21:13:12
173,rb2210,SHFE,0_0_       95835,多,开,5032.0,3,2022-04-08 21:13:19
174,rb2210,SHFE,0_0_       95858,空,平今,5033.0,3,2022-04-08 21:13:27
175,rb2210,SHFE,0_0_       97265,空,平今,5033.0,1,2022-04-08 21:13:31
176,rb2210,SHFE,0_0_       97619,多,开,5032.0,1,2022-04-08 21:13:54
177,rb2210,SHFE,0_0_      100757,空,平今,5033.0,1,2022-04-08 21:13:56
178,rb2210,SHFE,0_0_      100947,多,开,5032.0,1,2022-04-08 21:14:13
179,rb2210,SHFE,0_0_      101233,多,开,5032.0,1,2022-04-08 21:14:14
180,rb2210,SHFE,0_0_      101233,多,开,5032.0,1,2022-04-08 21:14:14
181,rb2210,SHFE,0_0_      104627,空,平今,5033.0,2,2022-04-08 21:14:15
182,rb2210,SHFE,0_0_      104948,空,平今,5033.0,1,2022-04-08 21:14:16
183,rb2210,SHFE,0_0_      107626,空,平今,5035.0,4,2022-04-08 21:14:34
184,rb2210,SHFE,0_0_      107806,空,开,5035.0,1,2022-04-08 21:14:36
185,rb2210,SHFE,0_0_      107806,空,开,5035.0,1,2022-04-08 21:14:36
186,rb2210,SHFE,0_0_      107806,空,开,5035.0,1,2022-04-08 21:14:36
187,rb2210,SHFE,0_0_      107806,空,开,5035.0,1,2022-04-08 21:14:36
188,rb2210,SHFE,0_0_      107982,多,平今,5034.0,4,2022-04-08 21:14:37
189,rb2210,SHFE,0_0_      110555,空,开,5037.0,4,2022-04-08 21:14:53
190,rb2210,SHFE,0_0_      110644,多,平今,5036.0,3,2022-04-08 21:14:54
191,rb2210,SHFE,0_0_      110644,多,平今,5036.0,1,2022-04-08 21:14:54
192,rb2210,SHFE,0_0_      110798,空,开,5037.0,4,2022-04-08 21:14:54
193,rb2210,SHFE,0_0_      110829,多,平今,5036.0,4,2022-04-08 21:14:54
194,rb2210,SHFE,0_0_      110833,空,开,5037.0,2,2022-04-08 21:14:54
195,rb2210,SHFE,0_0_      110833,空,开,5037.0,2,2022-04-08 21:14:54
196,rb2210,SHFE,0_0_      110845,多,平今,5036.000000000001,4,2022-04-08 21:14:55
197,rb2210,SHFE,0_0_      108162,多,开,5034.0,4,2022-04-08 21:14:59
198,rb2210,SHFE,0_0_      111574,空,平今,5035.0,4,2022-04-08 21:14:59
199,rb2210,SHFE,0_0_      111577,多,开,5034.0,4,2022-04-08 21:15:00
200,rb2210,SHFE,0_0_      111824,空,平今,5036.0,1,2022-04-08 21:15:00
201,rb2210,SHFE,0_0_      111824,空,平今,5036.0,1,2022-04-08 21:15:00
202,rb2210,SHFE,0_0_      111824,空,平今,5036.0,2,2022-04-08 21:15:00
203,rb2210,SHFE,0_0_      111937,多,开,5035.0,1,2022-04-08 21:15:00
204,rb2210,SHFE,0_0_      111937,多,开,5035.0,1,2022-04-08 21:15:00
205,rb2210,SHFE,0_0_      111937,多,开,5035.0,1,2022-04-08 21:15:00
206,rb2210,SHFE,0_0_      111937,多,开,5035.0,1,2022-04-08 21:15:00
207,rb2210,SHFE,0_0_      110856,空,开,5037.0,4,2022-04-08 21:15:00
208,rb2210,SHFE,0_0_      111993,多,平今,5036.0,1,2022-04-08 21:15:00
209,rb2210,SHFE,0_0_      111993,多,平今,5036.0,1,2022-04-08 21:15:00
210,rb2210,SHFE,0_0_      111993,多,平今,5036.0,2,2022-04-08 21:15:00
211,rb2210,SHFE,0_0_      111937,多,开,5035.0,2,2022-04-08 21:15:01
212,rb2210,SHFE,0_0_      112123,空,开,5036.0,6,2022-04-08 21:15:01
213,rb2210,SHFE,0_0_      112000,空,平今,5037.0,2,2022-04-08 21:15:01
214,rb2210,SHFE,0_0_      112152,多,平今,5035.0,6,2022-04-08 21:15:02
215,rb2210,SHFE,0_0_      104753,多,开,5032.0,2,2022-04-08 21:15:09
216,rb2210,SHFE,0_0_      115168,空,平今,5031.0,1,2022-04-08 21:15:14
217,rb2210,SHFE,0_0_      115891,空,开,5028.0,2,2022-04-08 21:15:17
218,rb2210,SHFE,0_0_      117992,空,平今,5027.0,1,2022-04-08 21:15:28
219,rb2210,SHFE,0_0_      118152,多,平今,5026.0,1,2022-04-08 21:15:32
220,rb2210,SHFE,0_0_      119165,空,平今,5027.0,1,2022-04-08 21:15:34
221,rb2210,SHFE,0_0_      124531,多,开,5026.0,2,2022-04-08 21:16:44
222,rb2210,SHFE,0_0_      134939,空,开,5025.0,7,2022-04-08 21:16:49
223,rb2210,SHFE,0_0_      135115,多,平今,5024.0,1,2022-04-08 21:16:51
224,rb2210,SHFE,0_0_      135354,多,平今,5024.0,4,2022-04-08 21:16:52
225,rb2210,SHFE,0_0_      135794,多,平今,5024.0,1,2022-04-08 21:16:55
226,rb2210,SHFE,0_0_      135969,空,平今,5025.0,1,2022-04-08 21:16:57
227,rb2210,SHFE,0_0_      139745,空,开,5024.0,3,2022-04-08 21:17:17
228,rb2210,SHFE,0_0_      142629,多,平今,5024.0,1,2022-04-08 21:17:32
229,rb2210,SHFE,0_0_      143864,空,开,5025.0,1,2022-04-08 21:17:39
230,rb2210,SHFE,0_0_      144271,空,开,5025.0,1,2022-04-08 21:18:04
231,rb2210,SHFE,0_0_      148225,多,平今,5024.0,1,2022-04-08 21:18:15
232,rb2210,SHFE,0_0_      148305,多,平今,5024.0,1,2022-04-08 21:18:16
233,rb2210,SHFE,0_0_      148305,多,平今,5024.0,1,2022-04-08 21:18:17
234,rb2210,SHFE,0_0_      150461,空,平今,5025.0,1,2022-04-08 21:18:20
235,rb2210,SHFE,0_0_      151269,多,开,5025.0,4,2022-04-08 21:18:22
236,rb2210,SHFE,0_0_      159535,空,开,5022.0,3,2022-04-08 21:19:10
237,rb2210,SHFE,0_0_      159535,空,开,5022.0,2,2022-04-08 21:19:10
238,rb2210,SHFE,0_0_      161230,多,平今,5019.0,1,2022-04-08 21:19:18
239,rb2210,SHFE,0_0_      161230,多,平今,5019.0,1,2022-04-08 21:19:18
240,rb2210,SHFE,0_0_      161230,多,平今,5019.0,2,2022-04-08 21:19:18
241,rb2210,SHFE,0_0_      161261,空,开,5020.0,1,2022-04-08 21:19:18
242,rb2210,SHFE,0_0_      161261,空,开,5020.0,2,2022-04-08 21:19:18
243,rb2210,SHFE,0_0_      161261,空,开,5020.0,1,2022-04-08 21:19:18
244,rb2210,SHFE,0_0_      161285,多,平今,5019.0,4,2022-04-08 21:19:18
245,rb2210,SHFE,0_0_      161292,空,开,5020.0,4,2022-04-08 21:19:18
246,rb2210,SHFE,0_0_      161340,多,平今,5019.0,4,2022-04-08 21:19:18
247,rb2210,SHFE,0_0_      161341,空,开,5020.0,2,2022-04-08 21:19:18
248,rb2210,SHFE,0_0_      161341,空,开,5020.0,1,2022-04-08 21:19:18
249,rb2210,SHFE,0_0_      161341,空,开,5020.0,1,2022-04-08 21:19:18
250,rb2210,SHFE,0_0_      161342,多,平今,5019.0,2,2022-04-08 21:19:18
251,rb2210,SHFE,0_0_      161342,多,平今,5019.0,1,2022-04-08 21:19:18
252,rb2210,SHFE,0_0_      161342,多,平今,5019.0,1,2022-04-08 21:19:18
253,rb2210,SHFE,0_0_      161350,空,开,5020.0,4,2022-04-08 21:19:19
254,rb2210,SHFE,0_0_      163557,多,平今,5020.0,1,2022-04-08 21:19:35
255,rb2210,SHFE,0_0_      163557,多,平今,5020.0,1,2022-04-08 21:19:35
256,rb2210,SHFE,0_0_      163557,多,平今,5020.0,1,2022-04-08 21:19:35
257,rb2210,SHFE,0_0_      163557,多,平今,5020.0,1,2022-04-08 21:19:35
258,rb2210,SHFE,0_0_      161360,多,平今,5019.0,1,2022-04-08 21:19:41
259,rb2210,SHFE,0_0_      161360,多,平今,5019.0,3,2022-04-08 21:19:41
260,rb2210,SHFE,0_0_      164502,空,开,5020.0,2,2022-04-08 21:19:42
261,rb2210,SHFE,0_0_      164502,空,开,5020.0,1,2022-04-08 21:19:42
262,rb2210,SHFE,0_0_      167012,空,平今,5021.0,1,2022-04-08 21:19:55
263,rb2210,SHFE,0_0_      167768,空,开,5020.0,2,2022-04-08 21:20:00
264,rb2210,SHFE,0_0_      173332,多,平今,5021.0,1,2022-04-08 21:20:28
265,rb2210,SHFE,0_0_      173332,多,平今,5021.0,2,2022-04-08 21:20:28
266,rb2210,SHFE,0_0_      173332,多,平今,5021.0,1,2022-04-08 21:20:29
267,rb2210,SHFE,0_0_      175618,空,开,5017.0,1,2022-04-08 21:20:42
268,rb2210,SHFE,0_0_      175618,空,开,5017.0,1,2022-04-08 21:20:42
269,rb2210,SHFE,0_0_      175618,空,开,5017.0,1,2022-04-08 21:20:42
270,rb2210,SHFE,0_0_      179257,空,平今,5020.0,2,2022-04-08 21:21:07
271,rb2210,SHFE,0_0_      181582,多,平今,5019.0,4,2022-04-08 21:21:23
272,rb2210,SHFE,0_0_      182006,空,开,5020.0,2,2022-04-08 21:21:29
273,rb2210,SHFE,0_0_      186442,空,开,5017.000000000001,3,2022-04-08 21:21:50
274,rb2210,SHFE,0_0_      185154,空,平今,5019.000000000001,1,2022-04-08 21:22:00
275,rb2210,SHFE,0_0_      188976,空,平今,5017.0,2,2022-04-08 21:22:09
276,rb2210,SHFE,0_0_      188976,空,平今,5017.0,1,2022-04-08 21:22:09
277,rb2210,SHFE,0_0_      190202,多,平今,5016.0,3,2022-04-08 21:22:12
278,rb2210,SHFE,0_0_      190948,多,平今,5016.0,2,2022-04-08 21:22:36
279,rb2210,SHFE,0_0_      194195,空,开,5018.000000000001,2,2022-04-08 21:22:46
280,rb2210,SHFE,0_0_      195306,多,平今,5017.0,2,2022-04-08 21:22:49
281,rb2210,SHFE,0_0_      195692,空,开,5018.0,6,2022-04-08 21:22:54
282,rb2210,SHFE,0_0_      200903,多,平今,5021.0,1,2022-04-08 21:23:22
283,rb2210,SHFE,0_0_      200903,多,平今,5021.0,1,2022-04-08 21:23:23
284,rb2210,SHFE,0_0_      200903,多,平今,5021.0,1,2022-04-08 21:23:23
285,rb2210,SHFE,0_0_      200903,多,平今,5021.0,1,2022-04-08 21:23:24
286,rb2210,SHFE,0_0_      202848,空,开,5022.0,4,2022-04-08 21:23:35
287,rb2210,SHFE,0_0_      211953,多,平今,5012.0,6,2022-04-08 21:24:39
288,rb2210,SHFE,0_0_      212583,空,开,5013.0,1,2022-04-08 21:24:42
289,rb2210,SHFE,0_0_      221748,空,开,5005.0,7,2022-04-08 21:25:31
290,rb2210,SHFE,0_0_      224923,多,平今,5004.0,4,2022-04-08 21:25:49
291,rb2210,SHFE,0_0_      226069,空,开,5004.0,2,2022-04-08 21:25:53
292,rb2210,SHFE,0_0_      230604,多,开,5005.0,4,2022-04-08 21:26:25
293,rb2210,SHFE,0_0_      230718,空,平今,5006.0,1,2022-04-08 21:26:29
294,rb2210,SHFE,0_0_      231643,多,开,5006.0,3,2022-04-08 21:26:37
295,rb2210,SHFE,0_0_      238724,多,平今,5002.0,2,2022-04-08 21:27:18
296,rb2210,SHFE,0_0_      238724,多,平今,5002.0,1,2022-04-08 21:27:18
297,rb2210,SHFE,0_0_      238754,空,开,5003.0,3,2022-04-08 21:27:18
298,rb2210,SHFE,0_0_      238795,多,平今,5002.0,3,2022-04-08 21:27:18
299,rb2210,SHFE,0_0_      238796,空,开,5003.0,3,2022-04-08 21:27:21
300,rb2210,SHFE,0_0_      239066,多,平今,5002.0,3,2022-04-08 21:27:21
301,rb2210,SHFE,0_0_      239080,空,开,5003.0,1,2022-04-08 21:27:21
302,rb2210,SHFE,0_0_      239080,空,开,5003.0,3,2022-04-08 21:27:21
303,rb2210,SHFE,0_0_      239080,空,开,5003.0,1,2022-04-08 21:27:21
304,rb2210,SHFE,0_0_      239161,多,平今,5002.0,5,2022-04-08 21:27:22
305,rb2210,SHFE,0_0_      239248,空,平今,5003.0,2,2022-04-08 21:27:22
306,rb2210,SHFE,0_0_      239353,多,平今,5002.0,1,2022-04-08 21:27:23
307,rb2210,SHFE,0_0_      240375,空,开,5001.0,1,2022-04-08 21:27:30
308,rb2210,SHFE,0_0_      240528,空,开,5001.0,1,2022-04-08 21:27:31
309,rb2210,SHFE,0_0_      240528,空,开,5001.0,1,2022-04-08 21:27:31
310,rb2210,SHFE,0_0_      240528,空,开,5001.0,2,2022-04-08 21:27:31
311,rb2210,SHFE,0_0_      241114,多,平今,5001.0,2,2022-04-08 21:27:36
312,rb2210,SHFE,0_0_      241183,多,平今,5002.0,2,2022-04-08 21:27:37
313,rb2210,SHFE,0_0_      236907,空,平今,5006.0,4,2022-04-08 21:27:52
314,rb2210,SHFE,0_0_      243300,多,开,5005.0,4,2022-04-08 21:27:59
315,rb2210,SHFE,0_0_      244018,空,平今,5006.0,4,2022-04-08 21:27:59
316,rb2210,SHFE,0_0_      244019,多,开,5005.0,4,2022-04-08 21:28:00
317,rb2210,SHFE,0_0_      244125,空,平今,5006.0,1,2022-04-08 21:28:07
318,rb2210,SHFE,0_0_      250668,多,开,5009.0,1,2022-04-08 21:28:40
319,rb2210,SHFE,0_0_      250668,多,开,5009.0,1,2022-04-08 21:28:40
320,rb2210,SHFE,0_0_      263479,空,平今,5007.0,3,2022-04-08 21:30:08
321,rb2210,SHFE,0_0_      265759,多,开,5011.0,2,2022-04-08 21:30:20
322,rb2210,SHFE,0_0_      267484,空,平今,5011.0,1,2022-04-08 21:30:28
323,rb2210,SHFE,0_0_      270490,空,开,5012.0,4,2022-04-08 21:30:47
324,rb2210,SHFE,0_0_      270543,多,平今,5011.0,1,2022-04-08 21:30:48
325,rb2210,SHFE,0_0_      270543,多,平今,5011.0,1,2022-04-08 21:30:48
326,rb2210,SHFE,0_0_      270543,多,平今,5011.0,1,2022-04-08 21:30:49
327,rb2210,SHFE,0_0_      270690,空,平今,5011.0,1,2022-04-08 21:30:49
328,rb2210,SHFE,0_0_      263489,多,开,5006.0,2,2022-04-08 21:31:06
329,rb2210,SHFE,0_0_      263489,多,开,5006.0,1,2022-04-08 21:31:06
330,rb2210,SHFE,0_0_      273760,空,平今,5007.0,3,2022-04-08 21:31:07
331,rb2210,SHFE,0_0_      278210,多,平今,5005.0,3,2022-04-08 21:31:48
332,rb2210,SHFE,0_0_      279763,空,开,5006.0,3,2022-04-08 21:31:50
333,rb2210,SHFE,0_0_      282548,多,平今,5002.0,4,2022-04-08 21:32:07
334,rb2210,SHFE,0_0_      284824,空,开,5004.0,4,2022-04-08 21:32:24
335,rb2210,SHFE,0_0_      286506,多,平今,5005.0,2,2022-04-08 21:32:52
336,rb2210,SHFE,0_0_      283505,多,开,5002.0,4,2022-04-08 21:33:06
337,rb2210,SHFE,0_0_      289725,空,平今,5002.0,1,2022-04-08 21:33:07
338,rb2210,SHFE,0_0_      293342,空,平今,4999.0,2,2022-04-08 21:33:28
339,rb2210,SHFE,0_0_      293551,多,平今,4998.0,1,2022-04-08 21:33:29
340,rb2210,SHFE,0_0_      293551,多,平今,4998.0,1,2022-04-08 21:33:29
341,rb2210,SHFE,0_0_      300671,多,开,4997.000000000001,1,2022-04-08 21:34:12
342,rb2210,SHFE,0_0_      304773,多,开,4999.0,1,2022-04-08 21:34:43
343,rb2210,SHFE,0_0_      304773,多,开,4999.0,1,2022-04-08 21:34:43
344,rb2210,SHFE,0_0_      304773,多,开,4999.0,1,2022-04-08 21:34:44
345,rb2210,SHFE,0_0_      304773,多,开,4999.0,1,2022-04-08 21:34:44
346,rb2210,SHFE,0_0_      289058,空,开,5004.0,4,2022-04-08 21:35:08
347,rb2210,SHFE,0_0_      309814,多,平今,5003.0,1,2022-04-08 21:35:10
348,rb2210,SHFE,0_0_      309814,多,平今,5003.0,3,2022-04-08 21:35:10
349,rb2210,SHFE,0_0_      288160,空,平今,5006.0,1,2022-04-08 21:35:19
350,rb2210,SHFE,0_0_      288160,空,平今,5006.0,1,2022-04-08 21:35:20
351,rb2210,SHFE,0_0_      311546,空,平今,5006.0,2,2022-04-08 21:35:23
352,rb2210,SHFE,0_0_      311546,空,平今,5006.0,1,2022-04-08 21:35:23
353,rb2210,SHFE,0_0_      312277,空,开,5004.0,4,2022-04-08 21:35:34
354,rb2210,SHFE,0_0_      337056,多,平今,5000.0,2,2022-04-08 21:38:34
355,rb2210,SHFE,0_0_      337706,空,平今,5001.0,1,2022-04-08 21:38:35
356,rb2210,SHFE,0_0_      337706,空,平今,5001.0,1,2022-04-08 21:38:35
357,rb2210,SHFE,0_0_      338192,多,开,5001.0,1,2022-04-08 21:39:04
358,rb2210,SHFE,0_0_      340666,空,开,5002.0,1,2022-04-08 21:39:04
359,rb2210,SHFE,0_0_      340666,空,开,5002.0,1,2022-04-08 21:39:04
360,rb2210,SHFE,0_0_      338192,多,开,5001.0,2,2022-04-08 21:39:04
361,rb2210,SHFE,0_0_      342182,空,平今,5002.0,1,2022-04-08 21:39:15
362,rb2210,SHFE,0_0_      342495,多,平今,5001.0,1,2022-04-08 21:39:19
363,rb2210,SHFE,0_0_      343236,空,平今,5002.0,1,2022-04-08 21:39:44
364,rb2210,SHFE,0_0_      325810,多,平今,4996.0,1,2022-04-08 21:40:11
365,rb2210,SHFE,0_0_      358683,多,平今,4998.0,1,2022-04-08 21:41:06
366,rb2210,SHFE,0_0_      347450,空,平今,5001.0,2,2022-04-08 21:41:12
367,rb2210,SHFE,0_0_      360149,多,开,5001.0,4,2022-04-08 21:41:13
368,rb2210,SHFE,0_0_      365349,空,平今,5003.0,1,2022-04-08 21:41:45
369,rb2210,SHFE,0_0_      377485,多,平今,5004.0,1,2022-04-08 21:43:08
370,rb2210,SHFE,0_0_      379365,空,平今,5004.0,2,2022-04-08 21:43:09
371,rb2210,SHFE,0_0_      379512,多,开,5003.0,1,2022-04-08 21:43:09
372,rb2210,SHFE,0_0_      379716,空,平今,5003.0,1,2022-04-08 21:43:12
373,rb2210,SHFE,0_0_      390347,多,开,5006.0,1,2022-04-08 21:44:39
374,rb2210,SHFE,0_0_      390347,多,开,5006.0,2,2022-04-08 21:44:39
375,rb2210,SHFE,0_0_      405726,多,开,5003.0,1,2022-04-08 21:46:30
376,rb2210,SHFE,0_0_      405726,多,开,5003.0,1,2022-04-08 21:46:30
377,rb2210,SHFE,0_0_      406317,空,平今,5004.0,1,2022-04-08 21:46:37
378,rb2210,SHFE,0_0_      407598,多,开,5003.0,1,2022-04-08 21:46:51
379,rb2210,SHFE,0_0_      427306,空,平今,5004.0,1,2022-04-08 21:49:56
380,rb2210,SHFE,0_0_      433957,多,开,5003.0,3,2022-04-08 21:50:11
381,rb2210,SHFE,0_0_      451747,空,平今,4997.0,1,2022-04-08 21:53:56
382,rb2210,SHFE,0_0_      451777,多,开,4996.0,1,2022-04-08 21:53:58
383,rb2210,SHFE,0_0_      453048,空,平今,4991.0,4,2022-04-08 21:54:05
384,rb2210,SHFE,0_0_      453296,空,开,4992.0,4,2022-04-08 21:54:07
385,rb2210,SHFE,0_0_      455375,多,平今,4995.0,1,2022-04-08 21:54:24
386,rb2210,SHFE,0_0_      475265,多,开,5000.0,4,2022-04-08 21:57:44
387,rb2210,SHFE,0_0_      490005,空,平今,4998.0,3,2022-04-08 21:59:56
388,rb2210,SHFE,0_0_      495466,空,平今,5004.0,1,2022-04-08 22:00:22
389,rb2210,SHFE,0_0_      501475,空,平今,5005.0,1,2022-04-08 22:01:06
390,rb2210,SHFE,0_0_      501475,空,平今,5005.0,1,2022-04-08 22:01:07
391,rb2210,SHFE,0_0_      505661,多,平今,5005.0,1,2022-04-08 22:01:19
392,rb2210,SHFE,0_0_      510051,多,开,5004.0,1,2022-04-08 22:01:48
393,rb2210,SHFE,0_0_      510051,多,开,5004.0,1,2022-04-08 22:01:48
394,rb2210,SHFE,0_0_      510051,多,开,5004.0,1,2022-04-08 22:01:48
395,rb2210,SHFE,0_0_      547275,多,平今,5011.0,1,2022-04-08 22:06:37
396,rb2210,SHFE,0_0_      547300,空,平今,5012.0,1,2022-04-08 22:06:40
397,rb2210,SHFE,0_0_      547591,多,平今,5011.0,1,2022-04-08 22:06:43
398,rb2210,SHFE,0_0_      547096,多,开,5010.0,1,2022-04-08 22:06:45
399,rb2210,SHFE,0_0_      547096,多,开,5010.0,2,2022-04-08 22:06:45
400,rb2210,SHFE,0_0_      548468,空,平今,5011.0,2,2022-04-08 22:06:46
401,rb2210,SHFE,0_0_      548325,空,平今,5012.0,1,2022-04-08 22:06:48
402,rb2210,SHFE,0_0_      548969,多,开,5012.0,3,2022-04-08 22:06:57
403,rb2210,SHFE,0_0_      548597,多,开,5011.0,1,2022-04-08 22:06:59
404,rb2210,SHFE,0_0_      549816,空,平今,5012.0,1,2022-04-08 22:07:00
405,rb2210,SHFE,0_0_      549536,空,平今,5013.0,2,2022-04-08 22:07:06
406,rb2210,SHFE,0_0_      549536,空,平今,5013.0,1,2022-04-08 22:10:00
407,rb2210,SHFE,0_0_      570440,多,开,5012.0,1,2022-04-08 22:10:00
408,rb2210,SHFE,0_0_      570707,多,开,5012.0,1,2022-04-08 22:10:16
409,rb2210,SHFE,0_0_      570707,多,开,5012.0,1,2022-04-08 22:10:16
410,rb2210,SHFE,0_0_      573351,空,平今,5011.0,4,2022-04-08 22:10:19
411,rb2210,SHFE,0_0_      573999,空,平今,5012.0,1,2022-04-08 22:10:33
412,rb2210,SHFE,0_0_      575427,多,开,5011.0,1,2022-04-08 22:10:33
413,rb2210,SHFE,0_0_      575771,空,平今,5011.0,1,2022-04-08 22:10:44
414,rb2210,SHFE,0_0_      600649,空,平今,5014.0,1,2022-04-08 22:13:44
415,rb2210,SHFE,0_0_      606040,空,平今,5018.0,1,2022-04-08 22:14:14
416,rb2210,SHFE,0_0_      610932,空,开,5014.0,1,2022-04-08 22:14:46
417,rb2210,SHFE,0_0_      610946,多,平今,5013.0,1,2022-04-08 22:15:06
418,rb2210,SHFE,0_0_      613230,空,开,5014.0,3,2022-04-08 22:15:06
419,rb2210,SHFE,0_0_      613438,空,开,5014.0,3,2022-04-08 22:15:07
420,rb2210,SHFE,0_0_      622645,多,平今,5013.0,1,2022-04-08 22:16:35
421,rb2210,SHFE,0_0_      588301,多,开,5010.0,4,2022-04-08 22:17:02
422,rb2210,SHFE,0_0_      628329,空,开,5006.0,1,2022-04-08 22:17:17
423,rb2210,SHFE,0_0_      632350,多,平今,5005.0,1,2022-04-08 22:17:42
424,rb2210,SHFE,0_0_      635735,空,开,5003.0,2,2022-04-08 22:18:09
425,rb2210,SHFE,0_0_      636353,多,平今,4999.0,1,2022-04-08 22:18:12
426,rb2210,SHFE,0_0_      636353,多,平今,4999.0,1,2022-04-08 22:18:12
427,rb2210,SHFE,0_0_      636475,空,平今,5000.0,2,2022-04-08 22:18:13
428,rb2210,SHFE,0_0_      636604,多,平今,5000.0,1,2022-04-08 22:18:13
429,rb2210,SHFE,0_0_      636604,多,平今,5000.0,1,2022-04-08 22:18:13
430,rb2210,SHFE,0_0_      641877,多,平今,5002.0,2,2022-04-08 22:18:59
431,rb2210,SHFE,0_0_      647006,多,平今,5000.0,1,2022-04-08 22:20:52
432,rb2210,SHFE,0_0_      657429,空,开,5000.0,3,2022-04-08 22:20:59
433,rb2210,SHFE,0_0_      657429,空,开,5000.0,1,2022-04-08 22:20:59
434,rb2210,SHFE,0_0_      657571,多,平今,4999.0,4,2022-04-08 22:21:00
435,rb2210,SHFE,0_0_      657666,空,开,5000.0,4,2022-04-08 22:21:01
436,rb2210,SHFE,0_0_      632393,空,开,5006.0,1,2022-04-08 22:22:12
437,rb2210,SHFE,0_0_      665478,多,平今,5005.0,1,2022-04-08 22:22:12
438,rb2210,SHFE,0_0_      657670,多,平今,4999.0,4,2022-04-08 22:23:27
439,rb2210,SHFE,0_0_      673381,空,平今,4999.0,2,2022-04-08 22:23:35
440,rb2210,SHFE,0_0_      676688,多,开,4999.0,1,2022-04-08 22:23:58
441,rb2210,SHFE,0_0_      673031,空,开,5001.0,3,2022-04-08 22:24:58
442,rb2210,SHFE,0_0_      673031,空,开,5001.0,1,2022-04-08 22:24:58
443,rb2210,SHFE,0_0_      684702,多,平今,5002.0,2,2022-04-08 22:25:17
444,rb2210,SHFE,0_0_      684702,多,平今,5002.0,1,2022-04-08 22:25:18
445,rb2210,SHFE,0_0_      684031,多,平今,5000.0,1,2022-04-08 22:27:18
446,rb2210,SHFE,0_0_      714067,多,开,5004.0,2,2022-04-08 22:30:04
447,rb2210,SHFE,0_0_      739339,空,平今,4998.0,1,2022-04-08 22:33:20
448,rb2210,SHFE,0_0_      740154,多,开,4997.0,4,2022-04-08 22:33:27
449,rb2210,SHFE,0_0_      740758,空,平今,4998.0,2,2022-04-08 22:33:29
450,rb2210,SHFE,0_0_      740758,空,平今,4998.0,2,2022-04-08 22:33:29
451,rb2210,SHFE,0_0_      761861,多,开,4996.0,1,2022-04-08 22:36:20
452,rb2210,SHFE,0_0_      763164,多,开,4994.0,1,2022-04-08 22:36:33
453,rb2210,SHFE,0_0_      763164,多,开,4994.0,1,2022-04-08 22:36:34
454,rb2210,SHFE,0_0_      763889,空,平今,4995.0,1,2022-04-08 22:36:37
455,rb2210,SHFE,0_0_      764618,多,开,4994.0,2,2022-04-08 22:36:43
456,rb2210,SHFE,0_0_      765329,空,平今,4995.0,1,2022-04-08 22:38:10
457,rb2210,SHFE,0_0_      765329,空,平今,4995.0,1,2022-04-08 22:38:10
458,rb2210,SHFE,0_0_      775460,空,平今,4996.0,1,2022-04-08 22:38:16
459,rb2210,SHFE,0_0_      775493,多,开,4995.0,1,2022-04-08 22:38:17
460,rb2210,SHFE,0_0_      775567,空,平今,4996.0,1,2022-04-08 22:38:17
461,rb2210,SHFE,0_0_      775579,多,开,4995.0,1,2022-04-08 22:38:19
462,rb2210,SHFE,0_0_      774983,多,开,4994.0,2,2022-04-08 22:38:48
463,rb2210,SHFE,0_0_      778315,空,平今,4995.0,2,2022-04-08 22:38:48
464,rb2210,SHFE,0_0_      778488,多,开,4994.0,2,2022-04-08 22:38:49
465,rb2210,SHFE,0_0_      778575,空,平今,4995.0,1,2022-04-08 22:38:58
466,rb2210,SHFE,0_0_      778575,空,平今,4995.0,1,2022-04-08 22:38:59
467,rb2210,SHFE,0_0_      779471,多,开,4994.0,1,2022-04-08 22:39:00
468,rb2210,SHFE,0_0_      779569,空,平今,4995.0,1,2022-04-08 22:39:06
469,rb2210,SHFE,0_0_      781669,空,平今,4996.0,3,2022-04-08 22:39:18
470,rb2210,SHFE,0_0_      781835,多,开,4995.0,1,2022-04-08 22:39:29
471,rb2210,SHFE,0_0_      780346,多,开,4994.0,1,2022-04-08 22:39:45
472,rb2210,SHFE,0_0_      787187,多,开,4987.0,2,2022-04-08 22:40:13
473,rb2210,SHFE,0_0_      787368,多,开,4988.0,2,2022-04-08 22:40:15
474,rb2210,SHFE,0_0_      788187,多,开,4988.0,1,2022-04-08 22:40:24
475,rb2210,SHFE,0_0_      795738,空,平今,4989.0,1,2022-04-08 22:41:36
476,rb2210,SHFE,0_0_      799128,空,平今,4985.0,2,2022-04-08 22:42:06
477,rb2210,SHFE,0_0_      797012,空,平今,4987.0,1,2022-04-08 22:42:16
478,rb2210,SHFE,0_0_      799946,多,开,4986.0,1,2022-04-08 22:42:22
479,rb2210,SHFE,0_0_      800328,空,平今,4987.0,1,2022-04-08 22:42:26
480,rb2210,SHFE,0_0_      803604,多,开,4985.0,1,2022-04-08 22:43:07
481,rb2210,SHFE,0_0_      805674,空,开,4980.0,8,2022-04-08 22:43:46
482,rb2210,SHFE,0_0_      806941,空,平今,4979.0,1,2022-04-08 22:44:00
483,rb2210,SHFE,0_0_      807141,多,平今,4977.0,1,2022-04-08 22:44:03
484,rb2210,SHFE,0_0_      807762,多,平今,4977.0,4,2022-04-08 22:44:04
485,rb2210,SHFE,0_0_      807976,空,开,4976.0,1,2022-04-08 22:44:05
486,rb2210,SHFE,0_0_      807976,空,开,4976.0,2,2022-04-08 22:44:05
487,rb2210,SHFE,0_0_      807976,空,开,4976.0,1,2022-04-08 22:44:05
488,rb2210,SHFE,0_0_      808405,空,平今,4976.0,1,2022-04-08 22:44:07
489,rb2210,SHFE,0_0_      808581,多,平今,4975.0,1,2022-04-08 22:44:08
490,rb2210,SHFE,0_0_      808587,空,平今,4976.0,1,2022-04-08 22:44:09
491,rb2210,SHFE,0_0_      809215,多,平今,4976.0,3,2022-04-08 22:44:20
492,rb2210,SHFE,0_0_      810876,空,开,4977.0,3,2022-04-08 22:44:20
493,rb2210,SHFE,0_0_      813866,多,平今,4980.0,3,2022-04-08 22:45:00
494,rb2210,SHFE,0_0_      813866,多,平今,4980.0,1,2022-04-08 22:45:00
495,rb2210,SHFE,0_0_      814489,空,开,4981.0,1,2022-04-08 22:45:00
496,rb2210,SHFE,0_0_      814489,空,开,4981.0,1,2022-04-08 22:45:00
497,rb2210,SHFE,0_0_      814489,空,开,4981.0,1,2022-04-08 22:45:00
498,rb2210,SHFE,0_0_      814489,空,开,4981.0,1,2022-04-08 22:45:00
499,rb2210,SHFE,0_0_      814508,多,平今,4980.0,1,2022-04-08 22:45:00
500,rb2210,SHFE,0_0_      814560,空,平今,4981.0,1,2022-04-08 22:45:01
501,rb2210,SHFE,0_0_      814572,多,平今,4980.0,1,2022-04-08 22:45:01
502,rb2210,SHFE,0_0_      814573,空,平今,4981.0,1,2022-04-08 22:45:01
503,rb2210,SHFE,0_0_      824804,空,开,4989.0,1,2022-04-08 22:46:20
504,rb2210,SHFE,0_0_      824804,空,开,4989.0,2,2022-04-08 22:46:20
505,rb2210,SHFE,0_0_      825325,多,平今,4988.0,2,2022-04-08 22:46:30
506,rb2210,SHFE,0_0_      826178,空,开,4989.0,2,2022-04-08 22:46:35
507,rb2210,SHFE,0_0_      826178,空,开,4989.0,1,2022-04-08 22:46:35
508,rb2210,SHFE,0_0_      830375,多,平今,4986.0,2,2022-04-08 22:47:13
509,rb2210,SHFE,0_0_      832027,多,平今,4986.0,1,2022-04-08 22:47:27
510,rb2210,SHFE,0_0_      843632,多,开,4981.0,8,2022-04-08 22:48:48
511,rb2210,SHFE,0_0_      843782,空,平今,4981.0,1,2022-04-08 22:48:49
512,rb2210,SHFE,0_0_      843782,空,平今,4981.0,1,2022-04-08 22:48:49
513,rb2210,SHFE,0_0_      843782,空,平今,4981.0,1,2022-04-08 22:48:49
514,rb2210,SHFE,0_0_      845588,空,平今,4978.0,1,2022-04-08 22:49:03
515,rb2210,SHFE,0_0_      852343,空,开,4974.0,3,2022-04-08 22:50:01
516,rb2210,SHFE,0_0_      852707,多,平今,4974.0,4,2022-04-08 22:50:24
517,rb2210,SHFE,0_0_      855797,空,平今,4974.0,4,2022-04-08 22:50:26
518,rb2210,SHFE,0_0_      855866,多,开,4973.000000000001,5,2022-04-08 22:50:26
519,rb2210,SHFE,0_0_      855929,空,平今,4974.0,5,2022-04-08 22:50:36
520,rb2210,SHFE,0_0_      857658,多,平今,4973.0,4,2022-04-08 22:50:44
521,rb2210,SHFE,0_0_      857661,空,开,4974.0,4,2022-04-08 22:50:45
522,rb2210,SHFE,0_0_      857724,多,平今,4973.0,4,2022-04-08 22:50:45
523,rb2210,SHFE,0_0_      857834,空,开,4973.0,2,2022-04-08 22:50:46
524,rb2210,SHFE,0_0_      857761,空,开,4974.0,1,2022-04-08 22:50:46
525,rb2210,SHFE,0_0_      857761,空,开,4974.0,1,2022-04-08 22:50:46
526,rb2210,SHFE,0_0_      857761,空,开,4974.0,2,2022-04-08 22:50:46
527,rb2210,SHFE,0_0_      857761,空,开,4974.0,1,2022-04-08 22:50:46
528,rb2210,SHFE,0_0_      857761,空,开,4974.0,1,2022-04-08 22:50:47
529,rb2210,SHFE,0_0_      858152,多,开,4974.0,2,2022-04-08 22:50:51
530,rb2210,SHFE,0_0_      858152,多,开,4974.0,1,2022-04-08 22:50:51
531,rb2210,SHFE,0_0_      858152,多,开,4974.0,2,2022-04-08 22:50:52
532,rb2210,SHFE,0_0_      858152,多,开,4974.0,3,2022-04-08 22:50:52
533,rb2210,SHFE,0_0_      870215,空,平今,4978.0,1,2022-04-08 22:52:39
534,rb2210,SHFE,0_0_      870215,空,平今,4978.0,2,2022-04-08 22:52:39
535,rb2210,SHFE,0_0_      871605,多,开,4977.0,3,2022-04-08 22:52:43
536,rb2210,SHFE,0_0_      872175,空,平今,4978.0,3,2022-04-08 22:52:44
537,rb2210,SHFE,0_0_      874841,空,平今,4973.0,1,2022-04-08 22:53:02
538,rb2210,SHFE,0_0_      881230,多,平今,4966.0,4,2022-04-08 22:53:41
539,rb2210,SHFE,0_0_      881330,空,开,4967.0,2,2022-04-08 22:53:42
540,rb2210,SHFE,0_0_      881330,空,开,4967.0,1,2022-04-08 22:53:42
541,rb2210,SHFE,0_0_      881330,空,开,4967.0,1,2022-04-08 22:53:42
542,rb2210,SHFE,0_0_      881445,多,平今,4966.0,5,2022-04-08 22:53:42
543,rb2210,SHFE,0_0_      884543,空,平今,4965.0,2,2022-04-08 22:54:05
544,rb2210,SHFE,0_0_      885037,多,平今,4964.0,1,2022-04-08 22:54:05
545,rb2210,SHFE,0_0_      885037,多,平今,4964.0,1,2022-04-08 22:54:05
546,rb2210,SHFE,0_0_      885040,空,平今,4965.0,1,2022-04-08 22:54:05
547,rb2210,SHFE,0_0_      885040,空,平今,4965.0,1,2022-04-08 22:54:05
548,rb2210,SHFE,0_0_      885041,多,开,4964.0,1,2022-04-08 22:54:05
549,rb2210,SHFE,0_0_      885041,多,开,4964.0,1,2022-04-08 22:54:05
550,rb2210,SHFE,0_0_      885042,空,平今,4965.0,2,2022-04-08 22:54:06
551,rb2210,SHFE,0_0_      885220,多,开,4964.0,2,2022-04-08 22:54:06
552,rb2210,SHFE,0_0_      885228,空,平今,4965.0,2,2022-04-08 22:54:06
553,rb2210,SHFE,0_0_      885231,多,开,4964.0,1,2022-04-08 22:54:06
554,rb2210,SHFE,0_0_      885231,多,开,4964.0,1,2022-04-08 22:54:06
555,rb2210,SHFE,0_0_      885232,空,平今,4965.0,1,2022-04-08 22:54:06
556,rb2210,SHFE,0_0_      885232,空,平今,4965.0,1,2022-04-08 22:54:06
557,rb2210,SHFE,0_0_      885233,多,开,4964.0,1,2022-04-08 22:54:06
558,rb2210,SHFE,0_0_      885233,多,开,4964.0,1,2022-04-08 22:54:06
559,rb2210,SHFE,0_0_      886228,空,开,4965.0,4,2022-04-08 22:54:18
560,rb2210,SHFE,0_0_      889992,空,平今,4963.0,2,2022-04-08 22:54:41
561,rb2210,SHFE,0_0_      890273,多,平今,4961.0,4,2022-04-08 22:54:44
562,rb2210,SHFE,0_0_      891094,多,开,4960.0,3,2022-04-08 22:54:51
563,rb2210,SHFE,0_0_      895588,多,开,4966.0,3,2022-04-08 22:55:18
564,rb2210,SHFE,0_0_      896657,空,平今,4966.0,1,2022-04-08 22:55:26
565,rb2210,SHFE,0_0_      892959,多,平今,4962.0,1,2022-04-08 22:55:42
566,rb2210,SHFE,0_0_      898657,空,平今,4963.0,1,2022-04-08 22:55:51
567,rb2210,SHFE,0_0_      899659,多,开,4962.0,1,2022-04-08 22:55:52
568,rb2210,SHFE,0_0_      899731,空,平今,4962.0,2,2022-04-08 22:55:55
569,rb2210,SHFE,0_0_      901168,空,开,4957.0,4,2022-04-08 22:56:02
570,rb2210,SHFE,0_0_      901177,多,平今,4956.0,2,2022-04-08 22:56:02
571,rb2210,SHFE,0_0_      901177,多,平今,4956.0,2,2022-04-08 22:56:02
572,rb2210,SHFE,0_0_      901200,空,开,4957.0,4,2022-04-08 22:56:03
573,rb2210,SHFE,0_0_      901350,多,平今,4956.0,2,2022-04-08 22:56:03
574,rb2210,SHFE,0_0_      901350,多,平今,4956.0,2,2022-04-08 22:56:03
575,rb2210,SHFE,0_0_      901369,空,开,4957.0,1,2022-04-08 22:56:03
576,rb2210,SHFE,0_0_      901369,空,开,4957.0,1,2022-04-08 22:56:03
577,rb2210,SHFE,0_0_      901369,空,开,4957.0,1,2022-04-08 22:56:03
578,rb2210,SHFE,0_0_      901369,空,开,4957.0,1,2022-04-08 22:56:03
579,rb2210,SHFE,0_0_      901395,多,平今,4956.0,3,2022-04-08 22:56:04
580,rb2210,SHFE,0_0_      901395,多,平今,4956.0,1,2022-04-08 22:56:04
581,rb2210,SHFE,0_0_      901410,空,开,4957.0,4,2022-04-08 22:56:04
582,rb2210,SHFE,0_0_      901451,多,平今,4956.0,1,2022-04-08 22:56:05
583,rb2210,SHFE,0_0_      901451,多,平今,4956.0,3,2022-04-08 22:56:05
584,rb2210,SHFE,0_0_      901611,空,开,4957.000000000001,4,2022-04-08 22:56:05
585,rb2210,SHFE,0_0_      902928,多,开,4962.0,4,2022-04-08 22:56:19
586,rb2210,SHFE,0_0_      903768,空,平今,4962.0,4,2022-04-08 22:56:24
587,rb2210,SHFE,0_0_      903768,空,平今,4962.0,1,2022-04-08 22:56:24
588,rb2210,SHFE,0_0_      904159,多,开,4961.0,1,2022-04-08 22:56:27
589,rb2210,SHFE,0_0_      901614,多,平今,4956.0,4,2022-04-08 22:56:39
590,rb2210,SHFE,0_0_      905892,空,开,4957.0,4,2022-04-08 22:56:42
591,rb2210,SHFE,0_0_      906657,多,平今,4956.0,4,2022-04-08 22:56:42
592,rb2210,SHFE,0_0_      907835,空,开,4952.000000000001,4,2022-04-08 22:56:50
593,rb2210,SHFE,0_0_      911679,空,开,4955.0,4,2022-04-08 22:57:20
594,rb2210,SHFE,0_0_      911935,多,平今,4955.0,4,2022-04-08 22:57:22
595,rb2210,SHFE,0_0_      912028,多,开,4955.0,1,2022-04-08 22:57:55
596,rb2210,SHFE,0_0_      912028,多,开,4955.0,4,2022-04-08 22:57:55
597,rb2210,SHFE,0_0_      916855,空,平今,4955.0,1,2022-04-08 22:57:58
598,rb2210,SHFE,0_0_      917255,空,平今,4955.0,4,2022-04-08 22:58:01
599,rb2210,SHFE,0_0_      917444,多,平今,4955.0,4,2022-04-08 22:58:05
600,rb2210,SHFE,0_0_      917971,空,开,4956.0,2,2022-04-08 22:58:05
601,rb2210,SHFE,0_0_      917971,空,开,4956.0,1,2022-04-08 22:58:05
602,rb2210,SHFE,0_0_      917971,空,开,4956.0,1,2022-04-08 22:58:05
603,rb2210,SHFE,0_0_      917982,多,平今,4955.0,1,2022-04-08 22:58:05
604,rb2210,SHFE,0_0_      917982,多,平今,4955.0,1,2022-04-08 22:58:05
605,rb2210,SHFE,0_0_      917982,多,平今,4955.0,2,2022-04-08 22:58:06
606,rb2210,SHFE,0_0_      918242,空,平今,4956.0,1,2022-04-08 22:58:06
607,rb2210,SHFE,0_0_      918242,空,平今,4956.0,1,2022-04-08 22:58:06
608,rb2210,SHFE,0_0_      918413,多,开,4955.0,1,2022-04-08 22:58:07
609,rb2210,SHFE,0_0_      918413,多,开,4955.0,1,2022-04-08 22:58:07
610,rb2210,SHFE,0_0_      918530,空,平今,4956.0,2,2022-04-08 22:58:10
611,rb2210,SHFE,0_0_      921110,空,开,4959.0,2,2022-04-08 22:58:24
612,rb2210,SHFE,0_0_      921110,空,开,4959.0,1,2022-04-08 22:58:25
613,rb2210,SHFE,0_0_      921110,空,开,4959.0,1,2022-04-08 22:58:25
614,rb2210,SHFE,0_0_      921853,多,平今,4958.0,2,2022-04-08 22:58:33
615,rb2210,SHFE,0_0_      921853,多,平今,4958.0,1,2022-04-08 22:58:33
616,rb2210,SHFE,0_0_      922530,多,开,4958.0,1,2022-04-08 22:58:35
617,rb2210,SHFE,0_0_      922530,多,开,4958.0,1,2022-04-08 22:58:35
618,rb2210,SHFE,0_0_      922530,多,开,4958.0,1,2022-04-08 22:58:36
619,rb2210,SHFE,0_0_      922665,空,平今,4959.0,2,2022-04-08 22:58:37
620,rb2210,SHFE,0_0_      922877,空,平今,4959.0,1,2022-04-08 22:58:42
621,rb2210,SHFE,0_0_      923553,空,开,4959.0,4,2022-04-08 22:58:45
622,rb2210,SHFE,0_0_      923718,多,平今,4959.0,4,2022-04-08 22:58:49
623,rb2210,SHFE,0_0_     1213811,空,开,4926.0,4,2022-04-11 09:00:17
624,rb2210,SHFE,0_0_     1213921,多,平今,4923.0,1,2022-04-11 09:00:20
625,rb2210,SHFE,0_0_     1213944,空,开,4925.0,1,2022-04-11 09:00:20
626,rb2210,SHFE,0_0_     1213944,空,开,4925.0,1,2022-04-11 09:00:20
627,rb2210,SHFE,0_0_     1213944,空,开,4925.0,2,2022-04-11 09:00:20
628,rb2210,SHFE,0_0_     1213966,多,平今,4923.0,4,2022-04-11 09:00:21
629,rb2210,SHFE,0_0_     1213989,空,开,4925.0,3,2022-04-11 09:00:21
630,rb2210,SHFE,0_0_     1213990,多,平今,4923.0,1,2022-04-11 09:00:21
631,rb2210,SHFE,0_0_     1213990,多,平今,4923.0,2,2022-04-11 09:00:21
632,rb2210,SHFE,0_0_     1214106,多,平今,4926.0,1,2022-04-11 09:00:24
633,rb2210,SHFE,0_0_     1214080,多,开,4924.0,7,2022-04-11 09:00:24
634,rb2210,SHFE,0_0_     1214179,空,平今,4923.0,2,2022-04-11 09:00:25
635,rb2210,SHFE,0_0_     1214247,空,开,4923.0,4,2022-04-11 09:00:26
636,rb2210,SHFE,0_0_     1214221,空,平今,4924.0,5,2022-04-11 09:00:27
637,rb2210,SHFE,0_0_     1214275,多,平今,4922.0,3,2022-04-11 09:00:28
638,rb2210,SHFE,0_0_     1214368,空,开,4923.0,1,2022-04-11 09:00:29
639,rb2210,SHFE,0_0_     1214368,空,开,4923.0,1,2022-04-11 09:00:29
640,rb2210,SHFE,0_0_     1214368,空,开,4923.0,1,2022-04-11 09:00:29
641,rb2210,SHFE,0_0_     1214378,多,平今,4922.0,3,2022-04-11 09:00:29
642,rb2210,SHFE,0_0_     1214382,空,开,4923.0,3,2022-04-11 09:00:29
643,rb2210,SHFE,0_0_     1214383,多,平今,4922.0,3,2022-04-11 09:00:29
644,rb2210,SHFE,0_0_     1214384,空,开,4923.0,1,2022-04-11 09:00:29
645,rb2210,SHFE,0_0_     1214384,空,开,4923.0,2,2022-04-11 09:00:29
646,rb2210,SHFE,0_0_     1214385,多,平今,4922.0,1,2022-04-11 09:00:29
647,rb2210,SHFE,0_0_     1214385,多,平今,4922.0,2,2022-04-11 09:00:29
648,rb2210,SHFE,0_0_     1214620,多,平今,4919.0,1,2022-04-11 09:00:33
649,rb2210,SHFE,0_0_     1214620,多,平今,4919.0,2,2022-04-11 09:00:33
650,rb2210,SHFE,0_0_     1214624,空,开,4920.0,1,2022-04-11 09:00:33
651,rb2210,SHFE,0_0_     1214624,空,开,4920.0,1,2022-04-11 09:00:33
652,rb2210,SHFE,0_0_     1214624,空,开,4920.0,1,2022-04-11 09:00:33
653,rb2210,SHFE,0_0_     1214499,空,开,4922.0,2,2022-04-11 09:00:33
654,rb2210,SHFE,0_0_     1214625,多,平今,4919.0,3,2022-04-11 09:00:33
655,rb2210,SHFE,0_0_     1214736,多,开,4917.0,4,2022-04-11 09:00:35
656,rb2210,SHFE,0_0_     1214737,空,平今,4918.0,2,2022-04-11 09:00:35
657,rb2210,SHFE,0_0_     1214737,空,平今,4918.0,1,2022-04-11 09:00:35
658,rb2210,SHFE,0_0_     1214737,空,平今,4918.0,1,2022-04-11 09:00:35
659,rb2210,SHFE,0_0_     1214746,多,开,4917.0,3,2022-04-11 09:00:35
660,rb2210,SHFE,0_0_     1214746,多,开,4917.0,1,2022-04-11 09:00:35
661,rb2210,SHFE,0_0_     1214747,空,平今,4918.0,4,2022-04-11 09:00:35
662,rb2210,SHFE,0_0_     1214748,多,开,4917.0,1,2022-04-11 09:00:35
663,rb2210,SHFE,0_0_     1214748,多,开,4917.0,1,2022-04-11 09:00:35
664,rb2210,SHFE,0_0_     1214748,多,开,4917.0,2,2022-04-11 09:00:35
665,rb2210,SHFE,0_0_     1214749,空,平今,4918.0,2,2022-04-11 09:00:35
666,rb2210,SHFE,0_0_     1214749,空,平今,4918.0,2,2022-04-11 09:00:35
667,rb2210,SHFE,0_0_     1214761,多,开,4917.0,4,2022-04-11 09:00:35
668,rb2210,SHFE,0_0_     1214762,空,平今,4918.0,4,2022-04-11 09:00:35
669,rb2210,SHFE,0_0_     1214763,多,开,4917.0,4,2022-04-11 09:00:35
670,rb2210,SHFE,0_0_     1214771,空,平今,4918.0,1,2022-04-11 09:00:35
671,rb2210,SHFE,0_0_     1214771,空,平今,4918.0,3,2022-04-11 09:00:35
672,rb2210,SHFE,0_0_     1214772,多,开,4917.0,4,2022-04-11 09:00:35
673,rb2210,SHFE,0_0_     1214783,空,平今,4918.0,4,2022-04-11 09:00:36
674,rb2210,SHFE,0_0_     1214795,多,开,4917.0,2,2022-04-11 09:00:36
675,rb2210,SHFE,0_0_     1214795,多,开,4917.0,1,2022-04-11 09:00:36
676,rb2210,SHFE,0_0_     1214795,多,开,4917.0,1,2022-04-11 09:00:36
677,rb2210,SHFE,0_0_     1214800,空,平今,4918.0,4,2022-04-11 09:00:36
678,rb2210,SHFE,0_0_     1214817,多,开,4917.0,1,2022-04-11 09:00:36
679,rb2210,SHFE,0_0_     1214817,多,开,4917.0,2,2022-04-11 09:00:36
680,rb2210,SHFE,0_0_     1214817,多,开,4917.0,1,2022-04-11 09:00:36
681,rb2210,SHFE,0_0_     1214818,空,平今,4918.0,4,2022-04-11 09:00:36
682,rb2210,SHFE,0_0_     1214861,多,开,4917.0,1,2022-04-11 09:00:36
683,rb2210,SHFE,0_0_     1214861,多,开,4917.0,1,2022-04-11 09:00:37
684,rb2210,SHFE,0_0_     1214861,多,开,4917.0,2,2022-04-11 09:00:37
685,rb2210,SHFE,0_0_     1215173,空,平今,4920.0,4,2022-04-11 09:00:43
686,rb2210,SHFE,0_0_     1215247,空,开,4920.0,3,2022-04-11 09:00:45
687,rb2210,SHFE,0_0_     1215247,空,开,4920.0,1,2022-04-11 09:00:45
688,rb2210,SHFE,0_0_     1215261,空,平今,4920.0,1,2022-04-11 09:00:48
689,rb2210,SHFE,0_0_     1215489,空,开,4919.0,1,2022-04-11 09:00:52
690,rb2210,SHFE,0_0_     1215672,多,平今,4918.0,7,2022-04-11 09:00:58
691,rb2210,SHFE,0_0_     1215672,多,平今,4918.0,1,2022-04-11 09:00:58
692,rb2210,SHFE,0_0_     1215875,多,开,4917.0,8,2022-04-11 09:01:02
693,rb2210,SHFE,0_0_     1215953,空,平今,4918.0,1,2022-04-11 09:01:04
694,rb2210,SHFE,0_0_     1215953,空,平今,4918.0,2,2022-04-11 09:01:04
695,rb2210,SHFE,0_0_     1216622,空,平今,4923.0,2,2022-04-11 09:01:31
696,rb2210,SHFE,0_0_     1216806,空,开,4921.0,1,2022-04-11 09:01:34
697,rb2210,SHFE,0_0_     1216806,空,开,4921.0,3,2022-04-11 09:01:34
698,rb2210,SHFE,0_0_     1216806,空,开,4921.0,1,2022-04-11 09:01:34
699,rb2210,SHFE,0_0_     1216806,空,开,4921.0,1,2022-04-11 09:01:34
700,rb2210,SHFE,0_0_     1217168,多,平今,4927.0,1,2022-04-11 09:01:48
701,rb2210,SHFE,0_0_     1217190,空,平今,4928.0,1,2022-04-11 09:01:49
702,rb2210,SHFE,0_0_     1217274,多,开,4929.0,4,2022-04-11 09:01:51
703,rb2210,SHFE,0_0_     1217295,空,平今,4930.000000000001,5,2022-04-11 09:01:52
704,rb2210,SHFE,0_0_     1217325,多,平今,4930.000000000001,1,2022-04-11 09:01:52
705,rb2210,SHFE,0_0_     1217894,多,平今,4928.0,1,2022-04-11 09:02:12
706,rb2210,SHFE,0_0_     1218010,多,开,4926.0,1,2022-04-11 09:02:16
707,rb2210,SHFE,0_0_     1218010,多,开,4926.0,3,2022-04-11 09:02:16
708,rb2210,SHFE,0_0_     1218010,多,开,4926.0,2,2022-04-11 09:02:16
709,rb2210,SHFE,0_0_     1218010,多,开,4926.0,1,2022-04-11 09:02:16
710,rb2210,SHFE,0_0_     1218026,空,平今,4927.0,2,2022-04-11 09:02:17
711,rb2210,SHFE,0_0_     1218026,空,平今,4927.0,1,2022-04-11 09:02:17
712,rb2210,SHFE,0_0_     1218026,空,平今,4927.0,1,2022-04-11 09:02:17
713,rb2210,SHFE,0_0_     1218091,多,开,4927.0,4,2022-04-11 09:02:20
714,rb2210,SHFE,0_0_     1218319,空,平今,4925.0,1,2022-04-11 09:02:28
715,rb2210,SHFE,0_0_     1218108,空,平今,4928.0,1,2022-04-11 09:02:32
716,rb2210,SHFE,0_0_     1218108,空,平今,4928.0,1,2022-04-11 09:02:32
717,rb2210,SHFE,0_0_     1218108,空,平今,4928.0,1,2022-04-11 09:02:32
718,rb2210,SHFE,0_0_     1218108,空,平今,4928.0,1,2022-04-11 09:02:33
719,rb2210,SHFE,0_0_     1218442,多,平今,4927.0,1,2022-04-11 09:02:33
720,rb2210,SHFE,0_0_     1218365,多,平今,4926.0,1,2022-04-11 09:02:35
721,rb2210,SHFE,0_0_     1218598,空,平今,4926.0,1,2022-04-11 09:02:40
722,rb2210,SHFE,0_0_     1218598,空,平今,4926.0,1,2022-04-11 09:02:40
723,rb2210,SHFE,0_0_     1218725,多,开,4925.0,2,2022-04-11 09:02:41
724,rb2210,SHFE,0_0_     1218728,空,平今,4926.0,2,2022-04-11 09:02:43
725,rb2210,SHFE,0_0_     1218799,多,开,4925.0,2,2022-04-11 09:02:43
726,rb2210,SHFE,0_0_     1218800,空,平今,4926.0,2,2022-04-11 09:02:44
727,rb2210,SHFE,0_0_     1219088,多,开,4929.0,3,2022-04-11 09:02:51
728,rb2210,SHFE,0_0_     1219088,多,开,4929.0,1,2022-04-11 09:02:51
729,rb2210,SHFE,0_0_     1219741,空,平今,4927.0,4,2022-04-11 09:03:02
730,rb2210,SHFE,0_0_     1220984,空,平今,4922.0,1,2022-04-11 09:03:22
731,rb2210,SHFE,0_0_     1221901,空,开,4922.0,1,2022-04-11 09:03:33
732,rb2210,SHFE,0_0_     1222692,多,开,4919.0,2,2022-04-11 09:03:49
733,rb2210,SHFE,0_0_     1222692,多,开,4919.0,6,2022-04-11 09:03:50
734,rb2210,SHFE,0_0_     1223178,空,平今,4920.0,1,2022-04-11 09:03:51
735,rb2210,SHFE,0_0_     1223208,空,平今,4921.0,1,2022-04-11 09:03:51
736,rb2210,SHFE,0_0_     1220834,空,开,4924.0,4,2022-04-11 09:03:53
737,rb2210,SHFE,0_0_     1223308,多,平今,4923.0,4,2022-04-11 09:03:54
738,rb2210,SHFE,0_0_     1223337,空,平今,4924.0,4,2022-04-11 09:03:54
739,rb2210,SHFE,0_0_     1223338,多,开,4923.0,4,2022-04-11 09:03:54
740,rb2210,SHFE,0_0_     1223341,空,平今,4924.0,4,2022-04-11 09:03:54
741,rb2210,SHFE,0_0_     1223362,多,开,4923.0,2,2022-04-11 09:03:54
742,rb2210,SHFE,0_0_     1223362,多,开,4923.0,1,2022-04-11 09:03:54
743,rb2210,SHFE,0_0_     1223362,多,开,4923.0,1,2022-04-11 09:03:54
744,rb2210,SHFE,0_0_     1223367,空,平今,4924.0,1,2022-04-11 09:03:55
745,rb2210,SHFE,0_0_     1223420,多,平今,4923.0,1,2022-04-11 09:03:56
746,rb2210,SHFE,0_0_     1224545,空,平今,4913.0,1,2022-04-11 09:04:11
747,rb2210,SHFE,0_0_     1224545,空,平今,4913.0,1,2022-04-11 09:04:11
748,rb2210,SHFE,0_0_     1224545,空,平今,4913.0,1,2022-04-11 09:04:11
749,rb2210,SHFE,0_0_     1224545,空,平今,4913.0,1,2022-04-11 09:04:11
750,rb2210,SHFE,0_0_     1224545,空,平今,4913.0,1,2022-04-11 09:04:11
751,rb2210,SHFE,0_0_     1224582,多,开,4913.0,2,2022-04-11 09:04:11
752,rb2210,SHFE,0_0_     1224600,空,平今,4914.0,2,2022-04-11 09:04:17
753,rb2210,SHFE,0_0_     1225242,多,开,4915.0,4,2022-04-11 09:04:31
754,rb2210,SHFE,0_0_     1226183,空,平今,4916.0,4,2022-04-11 09:04:31
755,rb2210,SHFE,0_0_     1227569,多,开,4913.0,8,2022-04-11 09:04:47
756,rb2210,SHFE,0_0_     1227578,空,平今,4914.0,1,2022-04-11 09:04:47
757,rb2210,SHFE,0_0_     1227578,空,平今,4914.0,1,2022-04-11 09:04:47
758,rb2210,SHFE,0_0_     1227578,空,平今,4914.0,1,2022-04-11 09:04:47
759,rb2210,SHFE,0_0_     1227578,空,平今,4914.0,1,2022-04-11 09:04:48
760,rb2210,SHFE,0_0_     1227578,空,平今,4914.0,1,2022-04-11 09:04:48
761,rb2210,SHFE,0_0_     1227578,空,平今,4914.0,1,2022-04-11 09:04:48
762,rb2210,SHFE,0_0_     1227578,空,平今,4914.0,1,2022-04-11 09:04:48
763,rb2210,SHFE,0_0_     1227578,空,平今,4914.0,1,2022-04-11 09:04:48
764,rb2210,SHFE,0_0_     1229432,空,开,4912.0,1,2022-04-11 09:04:59
765,rb2210,SHFE,0_0_     1229573,多,平今,4911.0,1,2022-04-11 09:04:59
766,rb2210,SHFE,0_0_     1229597,空,开,4912.0,1,2022-04-11 09:04:59
767,rb2210,SHFE,0_0_     1229598,多,平今,4911.0,1,2022-04-11 09:05:00
768,rb2210,SHFE,0_0_     1232000,多,开,4905.0,5,2022-04-11 09:05:11
769,rb2210,SHFE,0_0_     1233361,空,平今,4905.0,3,2022-04-11 09:05:11
770,rb2210,SHFE,0_0_     1233593,空,开,4904.0,3,2022-04-11 09:05:12
771,rb2210,SHFE,0_0_     1233602,多,平今,4903.0,3,2022-04-11 09:05:12
772,rb2210,SHFE,0_0_     1233684,空,开,4904.0,3,2022-04-11 09:05:12
773,rb2210,SHFE,0_0_     1233723,多,平今,4903.0,1,2022-04-11 09:05:13
774,rb2210,SHFE,0_0_     1233723,多,平今,4903.0,1,2022-04-11 09:05:13
775,rb2210,SHFE,0_0_     1233723,多,平今,4903.0,1,2022-04-11 09:05:13
776,rb2210,SHFE,0_0_     1233839,空,开,4904.0,3,2022-04-11 09:05:13
777,rb2210,SHFE,0_0_     1233839,空,开,4904.0,1,2022-04-11 09:05:13
778,rb2210,SHFE,0_0_     1234104,多,开,4905.0,1,2022-04-11 09:05:16
779,rb2210,SHFE,0_0_     1234104,多,开,4905.0,1,2022-04-11 09:05:16
780,rb2210,SHFE,0_0_     1234427,空,平今,4906.0,4,2022-04-11 09:05:17
781,rb2210,SHFE,0_0_     1234432,多,开,4905.0,4,2022-04-11 09:05:17
782,rb2210,SHFE,0_0_     1234452,空,平今,4906.0,2,2022-04-11 09:05:17
783,rb2210,SHFE,0_0_     1234452,空,平今,4906.0,1,2022-04-11 09:05:17
784,rb2210,SHFE,0_0_     1234452,空,平今,4906.0,1,2022-04-11 09:05:17
785,rb2210,SHFE,0_0_     1234482,多,开,4905.0,4,2022-04-11 09:05:17
786,rb2210,SHFE,0_0_     1234500,空,平今,4906.0,4,2022-04-11 09:05:17
787,rb2210,SHFE,0_0_     1234523,多,开,4905.0,4,2022-04-11 09:05:23
788,rb2210,SHFE,0_0_     1235413,空,平今,4906.0,4,2022-04-11 09:05:23
789,rb2210,SHFE,0_0_     1238732,多,开,4910.0,1,2022-04-11 09:05:48
790,rb2210,SHFE,0_0_     1238732,多,开,4910.0,3,2022-04-11 09:05:48
791,rb2210,SHFE,0_0_     1238862,空,平今,4911.0,4,2022-04-11 09:05:49
792,rb2210,SHFE,0_0_     1239029,多,开,4910.0,1,2022-04-11 09:05:49
793,rb2210,SHFE,0_0_     1239029,多,开,4910.0,3,2022-04-11 09:05:49
794,rb2210,SHFE,0_0_     1239106,空,平今,4911.0,1,2022-04-11 09:05:50
795,rb2210,SHFE,0_0_     1239106,空,平今,4911.0,3,2022-04-11 09:05:50
796,rb2210,SHFE,0_0_     1239161,多,开,4910.0,4,2022-04-11 09:05:50
797,rb2210,SHFE,0_0_     1239234,空,平今,4911.0,4,2022-04-11 09:05:50
798,rb2210,SHFE,0_0_     1239247,多,开,4910.0,1,2022-04-11 09:05:51
799,rb2210,SHFE,0_0_     1239247,多,开,4910.0,1,2022-04-11 09:05:51
800,rb2210,SHFE,0_0_     1239247,多,开,4910.0,1,2022-04-11 09:05:51
801,rb2210,SHFE,0_0_     1239247,多,开,4910.0,1,2022-04-11 09:05:51
802,rb2210,SHFE,0_0_     1239266,空,平今,4911.0,1,2022-04-11 09:05:53
803,rb2210,SHFE,0_0_     1233890,多,平今,4903.0,1,2022-04-11 09:06:04
804,rb2210,SHFE,0_0_     1233890,多,平今,4903.0,1,2022-04-11 09:06:04
805,rb2210,SHFE,0_0_     1233890,多,平今,4903.0,2,2022-04-11 09:06:04
806,rb2210,SHFE,0_0_     1241713,空,开,4904.0,1,2022-04-11 09:06:04
807,rb2210,SHFE,0_0_     1241713,空,开,4904.0,1,2022-04-11 09:06:04
808,rb2210,SHFE,0_0_     1242622,空,开,4905.0,4,2022-04-11 09:06:10
809,rb2210,SHFE,0_0_     1243620,多,平今,4907.0,1,2022-04-11 09:06:17
810,rb2210,SHFE,0_0_     1243860,多,平今,4907.0,1,2022-04-11 09:06:23
811,rb2210,SHFE,0_0_     1243860,多,平今,4907.0,1,2022-04-11 09:06:23
812,rb2210,SHFE,0_0_     1243860,多,平今,4907.0,2,2022-04-11 09:06:23
813,rb2210,SHFE,0_0_     1244724,空,开,4908.0,1,2022-04-11 09:06:23
814,rb2210,SHFE,0_0_     1244724,空,开,4908.0,3,2022-04-11 09:06:23
815,rb2210,SHFE,0_0_     1244725,多,平今,4907.0,4,2022-04-11 09:06:26
816,rb2210,SHFE,0_0_     1245014,空,开,4908.0,4,2022-04-11 09:06:26
817,rb2210,SHFE,0_0_     1245073,多,平今,4907.0,4,2022-04-11 09:06:28
818,rb2210,SHFE,0_0_     1248163,空,开,4904.0,2,2022-04-11 09:06:51
819,rb2210,SHFE,0_0_     1249011,多,平今,4902.0,3,2022-04-11 09:06:58
820,rb2210,SHFE,0_0_     1249254,多,开,4902.0,3,2022-04-11 09:06:59
821,rb2210,SHFE,0_0_     1249254,多,开,4902.0,1,2022-04-11 09:06:59
822,rb2210,SHFE,0_0_     1245238,空,开,4908.0,1,2022-04-11 09:07:22
823,rb2210,SHFE,0_0_     1245238,空,开,4908.0,1,2022-04-11 09:07:22
824,rb2210,SHFE,0_0_     1245238,空,开,4908.0,2,2022-04-11 09:07:22
825,rb2210,SHFE,0_0_     1253787,多,平今,4908.0,1,2022-04-11 09:07:24
826,rb2210,SHFE,0_0_     1253787,多,平今,4908.0,1,2022-04-11 09:07:24
827,rb2210,SHFE,0_0_     1253787,多,平今,4908.0,1,2022-04-11 09:07:24
828,rb2210,SHFE,0_0_     1256408,多,平今,4908.0,1,2022-04-11 09:07:41
829,rb2210,SHFE,0_0_     1256615,空,平今,4909.0,1,2022-04-11 09:07:41
830,rb2210,SHFE,0_0_     1256677,多,平今,4908.000000000001,1,2022-04-11 09:07:51
831,rb2210,SHFE,0_0_     1258421,空,平今,4909.0,4,2022-04-11 09:07:51
832,rb2210,SHFE,0_0_     1259651,空,开,4909.0,3,2022-04-11 09:08:00
833,rb2210,SHFE,0_0_     1259956,多,开,4908.0,4,2022-04-11 09:08:03
834,rb2210,SHFE,0_0_     1264595,多,开,4907.0,2,2022-04-11 09:08:44
835,rb2210,SHFE,0_0_     1264447,多,平今,4906.0,2,2022-04-11 09:08:57
836,rb2210,SHFE,0_0_     1262758,多,平今,4903.0,1,2022-04-11 09:09:00
837,rb2210,SHFE,0_0_     1269327,空,平今,4905.0,6,2022-04-11 09:09:00
838,rb2210,SHFE,0_0_     1270117,空,平今,4902.0,2,2022-04-11 09:09:05
839,rb2210,SHFE,0_0_     1269514,空,开,4905.0,4,2022-04-11 09:09:08
840,rb2210,SHFE,0_0_     1270673,空,开,4904.0,3,2022-04-11 09:09:09
841,rb2210,SHFE,0_0_     1270702,多,平今,4903.0,1,2022-04-11 09:09:10
842,rb2210,SHFE,0_0_     1270702,多,平今,4903.0,1,2022-04-11 09:09:10
843,rb2210,SHFE,0_0_     1270702,多,平今,4903.0,1,2022-04-11 09:09:10
844,rb2210,SHFE,0_0_     1271415,多,开,4905.0,2,2022-04-11 09:09:14
845,rb2210,SHFE,0_0_     1271415,多,开,4905.0,1,2022-04-11 09:09:14
846,rb2210,SHFE,0_0_     1271415,多,开,4905.0,1,2022-04-11 09:09:14
847,rb2210,SHFE,0_0_     1273907,空,平今,4906.0,3,2022-04-11 09:09:32
848,rb2210,SHFE,0_0_     1274033,空,平今,4906.0,1,2022-04-11 09:09:34
849,rb2210,SHFE,0_0_     1274514,多,开,4905.0,4,2022-04-11 09:09:37
850,rb2210,SHFE,0_0_     1274582,空,平今,4905.0,4,2022-04-11 09:09:37
851,rb2210,SHFE,0_0_     1274779,多,平今,4905.0,2,2022-04-11 09:09:46
852,rb2210,SHFE,0_0_     1274779,多,平今,4905.0,1,2022-04-11 09:09:48
853,rb2210,SHFE,0_0_     1275758,空,开,4906.0,1,2022-04-11 09:09:48
854,rb2210,SHFE,0_0_     1275759,多,平今,4905.0,1,2022-04-11 09:09:53
855,rb2210,SHFE,0_0_     1276912,空,开,4906.0,1,2022-04-11 09:09:55
856,rb2210,SHFE,0_0_     1278111,空,开,4903.0,4,2022-04-11 09:10:01
857,rb2210,SHFE,0_0_     1270319,多,开,4902.0,4,2022-04-11 09:10:01
858,rb2210,SHFE,0_0_     1278310,空,平今,4903.0,1,2022-04-11 09:10:02
859,rb2210,SHFE,0_0_     1278781,多,平今,4905.0,4,2022-04-11 09:10:05
860,rb2210,SHFE,0_0_     1280771,多,开,4909.0,5,2022-04-11 09:10:20
861,rb2210,SHFE,0_0_     1281144,空,平今,4909.0,4,2022-04-11 09:10:22
862,rb2210,SHFE,0_0_     1284341,多,开,4908.0,4,2022-04-11 09:10:41
863,rb2210,SHFE,0_0_     1288396,空,开,4905.0,6,2022-04-11 09:11:04
864,rb2210,SHFE,0_0_     1289950,多,平今,4909.0,1,2022-04-11 09:11:14
865,rb2210,SHFE,0_0_     1289950,多,平今,4909.0,1,2022-04-11 09:11:15
866,rb2210,SHFE,0_0_     1290441,多,平今,4908.0,3,2022-04-11 09:11:18
867,rb2210,SHFE,0_0_     1290668,空,平今,4909.0,4,2022-04-11 09:11:25
868,rb2210,SHFE,0_0_     1290668,空,平今,4909.0,1,2022-04-11 09:11:26
869,rb2210,SHFE,0_0_     1292175,多,平今,4908.0,1,2022-04-11 09:11:26
870,rb2210,SHFE,0_0_     1292265,空,平今,4909.0,1,2022-04-11 09:11:32
871,rb2210,SHFE,0_0_     1293815,空,开,4909.0,6,2022-04-11 09:11:38
872,rb2210,SHFE,0_0_     1295070,多,平今,4908.0,4,2022-04-11 09:11:45
873,rb2210,SHFE,0_0_     1296185,多,平今,4909.0,4,2022-04-11 09:11:49
874,rb2210,SHFE,0_0_     1296879,空,平今,4909.0,1,2022-04-11 09:11:53
875,rb2210,SHFE,0_0_     1301895,空,平今,4906.0,1,2022-04-11 09:12:20
876,rb2210,SHFE,0_0_     1308989,空,开,4897.0,4,2022-04-11 09:12:55
877,rb2210,SHFE,0_0_     1309090,多,平今,4896.0,1,2022-04-11 09:12:55
878,rb2210,SHFE,0_0_     1309090,多,平今,4896.0,3,2022-04-11 09:12:55
879,rb2210,SHFE,0_0_     1309236,空,开,4896.0,4,2022-04-11 09:12:57
880,rb2210,SHFE,0_0_     1309418,多,平今,4896.0,4,2022-04-11 09:12:58
881,rb2210,SHFE,0_0_     1309606,空,开,4896.0,3,2022-04-11 09:12:58
882,rb2210,SHFE,0_0_     1309156,空,开,4897.0,1,2022-04-11 09:12:59
883,rb2210,SHFE,0_0_     1309156,空,开,4897.0,1,2022-04-11 09:12:59
884,rb2210,SHFE,0_0_     1309156,空,开,4897.0,1,2022-04-11 09:12:59
885,rb2210,SHFE,0_0_     1309156,空,开,4897.0,1,2022-04-11 09:12:59
886,rb2210,SHFE,0_0_     1309896,多,平今,4896.000000000001,4,2022-04-11 09:13:00
887,rb2210,SHFE,0_0_     1309969,多,开,4896.0,4,2022-04-11 09:13:00
888,rb2210,SHFE,0_0_     1310050,空,平今,4897.0,1,2022-04-11 09:13:02
889,rb2210,SHFE,0_0_     1310379,空,开,4897.0,4,2022-04-11 09:13:02
890,rb2210,SHFE,0_0_     1310422,多,平今,4896.0,4,2022-04-11 09:13:02
891,rb2210,SHFE,0_0_     1310468,多,开,4896.0,1,2022-04-11 09:13:03
892,rb2210,SHFE,0_0_     1310647,空,开,4896.0,4,2022-04-11 09:13:04
893,rb2210,SHFE,0_0_     1310558,空,平今,4897.0,4,2022-04-11 09:13:05
894,rb2210,SHFE,0_0_     1310836,多,平今,4896.0,2,2022-04-11 09:13:06
895,rb2210,SHFE,0_0_     1310836,多,平今,4896.0,2,2022-04-11 09:13:06
896,rb2210,SHFE,0_0_     1311145,多,开,4897.0,2,2022-04-11 09:13:07
897,rb2210,SHFE,0_0_     1313030,空,平今,4898.0,1,2022-04-11 09:13:17
898,rb2210,SHFE,0_0_     1314108,空,开,4898.0,3,2022-04-11 09:13:23
899,rb2210,SHFE,0_0_     1314108,空,开,4898.0,1,2022-04-11 09:13:23
900,rb2210,SHFE,0_0_     1314108,空,开,4898.0,1,2022-04-11 09:13:23
901,rb2210,SHFE,0_0_     1315128,多,平今,4896.0,3,2022-04-11 09:13:35
902,rb2210,SHFE,0_0_     1316251,多,平今,4896.0,1,2022-04-11 09:13:36
903,rb2210,SHFE,0_0_     1316334,空,开,4897.0,4,2022-04-11 09:13:37
904,rb2210,SHFE,0_0_     1316671,多,平今,4895.0,8,2022-04-11 09:13:38
905,rb2210,SHFE,0_0_     1316765,空,开,4896.0,4,2022-04-11 09:13:38
906,rb2210,SHFE,0_0_     1316798,多,平今,4895.0,1,2022-04-11 09:13:39
907,rb2210,SHFE,0_0_     1316798,多,平今,4895.0,2,2022-04-11 09:13:40
908,rb2210,SHFE,0_0_     1317058,空,开,4896.0,2,2022-04-11 09:13:41
909,rb2210,SHFE,0_0_     1317229,多,开,4895.0,4,2022-04-11 09:13:41
910,rb2210,SHFE,0_0_     1317573,空,平今,4895.0,4,2022-04-11 09:13:44
911,rb2210,SHFE,0_0_     1318112,空,开,4895.0,2,2022-04-11 09:13:46
912,rb2210,SHFE,0_0_     1318112,空,开,4895.0,2,2022-04-11 09:13:46
913,rb2210,SHFE,0_0_     1318179,多,平今,4895.0,1,2022-04-11 09:13:46
914,rb2210,SHFE,0_0_     1318330,多,平今,4895.0,1,2022-04-11 09:13:47
915,rb2210,SHFE,0_0_     1318330,多,平今,4895.0,1,2022-04-11 09:13:47
916,rb2210,SHFE,0_0_     1318330,多,平今,4895.0,1,2022-04-11 09:13:47
917,rb2210,SHFE,0_0_     1318330,多,平今,4895.0,1,2022-04-11 09:13:47
918,rb2210,SHFE,0_0_     1320541,空,开,4896.0,4,2022-04-11 09:13:59
919,rb2210,SHFE,0_0_     1321709,多,平今,4895.0,4,2022-04-11 09:14:08
920,rb2210,SHFE,0_0_     1322434,空,开,4895.0,1,2022-04-11 09:14:10
921,rb2210,SHFE,0_0_     1322434,空,开,4895.0,1,2022-04-11 09:14:10
922,rb2210,SHFE,0_0_     1322434,空,开,4895.0,1,2022-04-11 09:14:10
923,rb2210,SHFE,0_0_     1322434,空,开,4895.0,1,2022-04-11 09:14:10
924,rb2210,SHFE,0_0_     1324373,多,开,4891.0,7,2022-04-11 09:14:19
925,rb2210,SHFE,0_0_     1324679,空,平今,4892.0,2,2022-04-11 09:14:20
926,rb2210,SHFE,0_0_     1324876,多,平今,4891.0,1,2022-04-11 09:14:21
927,rb2210,SHFE,0_0_     1324876,多,平今,4891.0,1,2022-04-11 09:14:21
928,rb2210,SHFE,0_0_     1324876,多,平今,4891.0,2,2022-04-11 09:14:21
929,rb2210,SHFE,0_0_     1324876,多,平今,4891.0,1,2022-04-11 09:14:21
930,rb2210,SHFE,0_0_     1325043,空,平今,4892.0,1,2022-04-11 09:14:22
931,rb2210,SHFE,0_0_     1325043,空,平今,4892.0,3,2022-04-11 09:14:22
932,rb2210,SHFE,0_0_     1325325,空,开,4892.0,1,2022-04-11 09:14:23
933,rb2210,SHFE,0_0_     1325325,空,开,4892.0,1,2022-04-11 09:14:23
934,rb2210,SHFE,0_0_     1325325,空,开,4892.0,1,2022-04-11 09:14:23
935,rb2210,SHFE,0_0_     1325325,空,开,4892.0,1,2022-04-11 09:14:23
936,rb2210,SHFE,0_0_     1323781,空,开,4893.0,1,2022-04-11 09:14:24
937,rb2210,SHFE,0_0_     1325455,多,平今,4892.000000000001,1,2022-04-11 09:14:24
938,rb2210,SHFE,0_0_     1325490,空,平今,4893.0,1,2022-04-11 09:14:24
939,rb2210,SHFE,0_0_     1325515,多,平今,4892.0,3,2022-04-11 09:14:24
940,rb2210,SHFE,0_0_     1325521,空,开,4893.0,3,2022-04-11 09:14:24
941,rb2210,SHFE,0_0_     1326667,多,平今,4893.0,1,2022-04-11 09:14:29
942,rb2210,SHFE,0_0_     1327037,多,平今,4893.0,1,2022-04-11 09:14:36
943,rb2210,SHFE,0_0_     1328374,空,开,4894.0,3,2022-04-11 09:14:38
944,rb2210,SHFE,0_0_     1322544,空,平今,4896.0,1,2022-04-11 09:14:41
945,rb2210,SHFE,0_0_     1329192,多,平今,4895.0,1,2022-04-11 09:14:41
946,rb2210,SHFE,0_0_     1333397,多,平今,4892.0,2,2022-04-11 09:15:02
947,rb2210,SHFE,0_0_     1333397,多,平今,4892.0,2,2022-04-11 09:15:02
948,rb2210,SHFE,0_0_     1333519,空,开,4893.0,3,2022-04-11 09:15:03
949,rb2210,SHFE,0_0_     1333519,空,开,4893.0,1,2022-04-11 09:15:03
950,rb2210,SHFE,0_0_     1334411,空,开,4891.0,2,2022-04-11 09:15:06
951,rb2210,SHFE,0_0_     1334838,多,开,4892.0,8,2022-04-11 09:15:09
952,rb2210,SHFE,0_0_     1335389,多,平今,4893.0,7,2022-04-11 09:15:10
953,rb2210,SHFE,0_0_     1342284,空,平今,4890.0,4,2022-04-11 09:15:43
954,rb2210,SHFE,0_0_     1343639,空,开,4891.0,1,2022-04-11 09:15:50
955,rb2210,SHFE,0_0_     1343639,空,开,4891.0,1,2022-04-11 09:15:50
956,rb2210,SHFE,0_0_     1343639,空,开,4891.0,4,2022-04-11 09:15:50
957,rb2210,SHFE,0_0_     1343639,空,开,4891.0,2,2022-04-11 09:15:50
958,rb2210,SHFE,0_0_     1342321,多,开,4889.0,4,2022-04-11 09:15:53
959,rb2210,SHFE,0_0_     1344040,空,平今,4890.0,4,2022-04-11 09:15:53
960,rb2210,SHFE,0_0_     1344177,多,平今,4888.0,8,2022-04-11 09:15:53
961,rb2210,SHFE,0_0_     1344537,空,开,4889.0,4,2022-04-11 09:15:56
962,rb2210,SHFE,0_0_     1345119,多,平今,4890.0,4,2022-04-11 09:15:59
963,rb2210,SHFE,0_0_     1345505,空,开,4889.0,1,2022-04-11 09:16:01
964,rb2210,SHFE,0_0_     1345505,空,开,4889.0,3,2022-04-11 09:16:01
965,rb2210,SHFE,0_0_     1345505,空,开,4889.0,2,2022-04-11 09:16:01
966,rb2210,SHFE,0_0_     1345505,空,开,4889.0,1,2022-04-11 09:16:01
967,rb2210,SHFE,0_0_     1345505,空,开,4889.0,1,2022-04-11 09:16:01
968,rb2210,SHFE,0_0_     1347902,多,平今,4891.0,8,2022-04-11 09:16:12
969,rb2210,SHFE,0_0_     1348295,空,平今,4892.0,1,2022-04-11 09:16:20
970,rb2210,SHFE,0_0_     1348295,空,平今,4892.0,1,2022-04-11 09:16:20
971,rb2210,SHFE,0_0_     1354980,空,平今,4896.0,2,2022-04-11 09:17:11
972,rb2210,SHFE,0_0_     1358714,多,开,4896.0,3,2022-04-11 09:17:13
973,rb2210,SHFE,0_0_     1358769,多,开,4895.0,1,2022-04-11 09:17:14
974,rb2210,SHFE,0_0_     1358894,空,开,4895.0,8,2022-04-11 09:17:15
975,rb2210,SHFE,0_0_     1361322,多,平今,4895.0,3,2022-04-11 09:17:28
976,rb2210,SHFE,0_0_     1362743,空,平今,4894.0,2,2022-04-11 09:17:34
977,rb2210,SHFE,0_0_     1364039,多,平今,4894.0,1,2022-04-11 09:17:42
978,rb2210,SHFE,0_0_     1364717,空,平今,4894.0,2,2022-04-11 09:17:44
979,rb2210,SHFE,0_0_     1364718,多,平今,4893.0,2,2022-04-11 09:18:02
980,rb2210,SHFE,0_0_     1368326,多,开,4892.0,4,2022-04-11 09:18:06
981,rb2210,SHFE,0_0_     1367442,空,开,4894.0,2,2022-04-11 09:18:07
982,rb2210,SHFE,0_0_     1368933,多,平今,4893.0,2,2022-04-11 09:18:08
983,rb2210,SHFE,0_0_     1369067,空,平今,4894.0,2,2022-04-11 09:18:09
984,rb2210,SHFE,0_0_     1375790,多,平今,4902.0,1,2022-04-11 09:18:46
985,rb2210,SHFE,0_0_     1375790,多,平今,4902.0,1,2022-04-11 09:18:46
986,rb2210,SHFE,0_0_     1375869,空,平今,4903.0,2,2022-04-11 09:18:46
987,rb2210,SHFE,0_0_     1377423,多,开,4903.0,2,2022-04-11 09:18:56
988,rb2210,SHFE,0_0_     1377423,多,开,4903.0,1,2022-04-11 09:18:56
989,rb2210,SHFE,0_0_     1377725,空,开,4904.0,6,2022-04-11 09:18:58
990,rb2210,SHFE,0_0_     1377862,多,平今,4904.0,4,2022-04-11 09:18:59
991,rb2210,SHFE,0_0_     1375904,多,开,4902.0,2,2022-04-11 09:19:03
992,rb2210,SHFE,0_0_     1378458,空,平今,4903.0,1,2022-04-11 09:19:04
993,rb2210,SHFE,0_0_     1378458,空,平今,4903.0,1,2022-04-11 09:19:04
994,rb2210,SHFE,0_0_     1378458,空,平今,4903.0,1,2022-04-11 09:19:04
995,rb2210,SHFE,0_0_     1379649,多,开,4905.0,4,2022-04-11 09:19:10
996,rb2210,SHFE,0_0_     1379352,多,平今,4904.0,2,2022-04-11 09:19:21
997,rb2210,SHFE,0_0_     1381100,空,开,4905.0,3,2022-04-11 09:19:23
998,rb2210,SHFE,0_0_     1384026,空,平今,4905.0,1,2022-04-11 09:19:39
999,rb2210,SHFE,0_0_     1384419,多,平今,4906.0,3,2022-04-11 09:19:42
1000,rb2210,SHFE,0_0_     1384608,空,开,4906.0,4,2022-04-11 09:19:43
1001,rb2210,SHFE,0_0_     1380720,空,平今,4907.0,4,2022-04-11 09:19:47
1002,rb2210,SHFE,0_0_     1387849,多,开,4908.0,7,2022-04-11 09:20:04
1003,rb2210,SHFE,0_0_     1387850,多,平今,4907.0,4,2022-04-11 09:20:15
1004,rb2210,SHFE,0_0_     1389622,空,平今,4908.0,4,2022-04-11 09:20:15
1005,rb2210,SHFE,0_0_     1389952,空,平今,4908.0,4,2022-04-11 09:20:19
1006,rb2210,SHFE,0_0_     1403575,空,开,4912.0,3,2022-04-11 09:21:47
1007,rb2210,SHFE,0_0_     1404071,多,平今,4911.000000000001,3,2022-04-11 09:21:51
1008,rb2210,SHFE,0_0_     1404427,空,开,4910.0,4,2022-04-11 09:21:57
1009,rb2210,SHFE,0_0_     1408910,多,平今,4910.0,4,2022-04-11 09:22:26
1010,rb2210,SHFE,0_0_     1410928,空,开,4909.0,6,2022-04-11 09:22:42
1011,rb2210,SHFE,0_0_     1411367,多,平今,4909.0,2,2022-04-11 09:22:50
1012,rb2210,SHFE,0_0_     1411367,多,平今,4909.0,2,2022-04-11 09:22:50
1013,rb2210,SHFE,0_0_     1411859,空,开,4910.0,4,2022-04-11 09:22:53
1014,rb2210,SHFE,0_0_     1413523,多,平今,4909.0,1,2022-04-11 09:23:01
1015,rb2210,SHFE,0_0_     1413523,多,平今,4909.0,1,2022-04-11 09:23:01
1016,rb2210,SHFE,0_0_     1413564,空,开,4910.0,2,2022-04-11 09:23:21
1017,rb2210,SHFE,0_0_     1415207,多,平今,4909.0,6,2022-04-11 09:23:27
1018,rb2210,SHFE,0_0_     1416346,空,开,4910.0,6,2022-04-11 09:23:28
1019,rb2210,SHFE,0_0_     1416724,多,平今,4909.0,6,2022-04-11 09:23:29
1020,rb2210,SHFE,0_0_     1416743,空,开,4910.0,6,2022-04-11 09:23:30
1021,rb2210,SHFE,0_0_     1417037,多,平今,4909.0,4,2022-04-11 09:23:42
1022,rb2210,SHFE,0_0_     1417663,多,平今,4909.0,2,2022-04-11 09:23:42
1023,rb2210,SHFE,0_0_     1419768,多,开,4906.0,2,2022-04-11 09:23:57
1024,rb2210,SHFE,0_0_     1420491,空,平今,4907.0,2,2022-04-11 09:24:01
1025,rb2210,SHFE,0_0_     1420974,多,开,4906.0,4,2022-04-11 09:24:02
1026,rb2210,SHFE,0_0_     1420974,多,开,4906.0,2,2022-04-11 09:24:02
1027,rb2210,SHFE,0_0_     1421461,空,平今,4906.0,1,2022-04-11 09:24:09
1028,rb2210,SHFE,0_0_     1421548,空,平今,4906.0,1,2022-04-11 09:24:09
1029,rb2210,SHFE,0_0_     1423629,空,平今,4904.0,1,2022-04-11 09:24:17
1030,rb2210,SHFE,0_0_     1428296,多,开,4904.0,2,2022-04-11 09:24:51
1031,rb2210,SHFE,0_0_     1422233,空,平今,4906.0,2,2022-04-11 09:24:52
1032,rb2210,SHFE,0_0_     1428957,多,开,4905.0,2,2022-04-11 09:24:52
1033,rb2210,SHFE,0_0_     1428964,空,平今,4906.0,2,2022-04-11 09:24:54
1034,rb2210,SHFE,0_0_     1429223,多,开,4905.0,1,2022-04-11 09:25:00
1035,rb2210,SHFE,0_0_     1429223,多,开,4905.0,1,2022-04-11 09:25:00
1036,rb2210,SHFE,0_0_     1429304,多,开,4905.0,2,2022-04-11 09:25:00
1037,rb2210,SHFE,0_0_     1429809,空,平今,4906.0,4,2022-04-11 09:25:00
1038,rb2210,SHFE,0_0_     1429845,多,开,4905.0,3,2022-04-11 09:25:01
1039,rb2210,SHFE,0_0_     1429845,多,开,4905.0,1,2022-04-11 09:25:01
1040,rb2210,SHFE,0_0_     1430005,空,平今,4906.0,3,2022-04-11 09:25:01
1041,rb2210,SHFE,0_0_     1438018,空,平今,4913.0,2,2022-04-11 09:25:43
1042,rb2210,SHFE,0_0_     1438887,多,开,4915.0,1,2022-04-11 09:25:49
1043,rb2210,SHFE,0_0_     1439819,空,开,4916.0,8,2022-04-11 09:25:57
1044,rb2210,SHFE,0_0_     1439882,多,平今,4915.0,4,2022-04-11 09:25:57
1045,rb2210,SHFE,0_0_     1438483,多,开,4913.0,2,2022-04-11 09:26:00
1046,rb2210,SHFE,0_0_     1440302,空,平今,4914.0,2,2022-04-11 09:26:00
1047,rb2210,SHFE,0_0_     1440312,多,平今,4913.0,2,2022-04-11 09:26:00
1048,rb2210,SHFE,0_0_     1440358,空,平今,4914.0,2,2022-04-11 09:26:05
1049,rb2210,SHFE,0_0_     1441070,多,开,4913.0,4,2022-04-11 09:26:06
1050,rb2210,SHFE,0_0_     1445103,空,平今,4912.0,4,2022-04-11 09:26:29
1051,rb2210,SHFE,0_0_     1449486,空,开,4913.0,3,2022-04-11 09:26:56
1052,rb2210,SHFE,0_0_     1449942,多,平今,4912.0,1,2022-04-11 09:26:57
1053,rb2210,SHFE,0_0_     1449942,多,平今,4912.0,1,2022-04-11 09:26:57
1054,rb2210,SHFE,0_0_     1449942,多,平今,4912.0,1,2022-04-11 09:26:57
1055,rb2210,SHFE,0_0_     1445468,多,开,4910.0,4,2022-04-11 09:27:00
1056,rb2210,SHFE,0_0_     1450414,空,平今,4911.0,1,2022-04-11 09:27:13
1057,rb2210,SHFE,0_0_     1450414,空,平今,4911.0,2,2022-04-11 09:27:13
1058,rb2210,SHFE,0_0_     1450414,空,平今,4911.0,1,2022-04-11 09:27:14
1059,rb2210,SHFE,0_0_     1449999,空,开,4913.0,3,2022-04-11 09:27:36
1060,rb2210,SHFE,0_0_     1454988,多,平今,4912.0,3,2022-04-11 09:27:37
1061,rb2210,SHFE,0_0_     1454104,多,开,4911.0,4,2022-04-11 09:27:38
1062,rb2210,SHFE,0_0_     1452509,多,平今,4910.0,1,2022-04-11 09:27:43
1063,rb2210,SHFE,0_0_     1455769,空,平今,4911.0,4,2022-04-11 09:27:47
1064,rb2210,SHFE,0_0_     1457249,空,开,4912.0,3,2022-04-11 09:28:03
1065,rb2210,SHFE,0_0_     1461492,多,平今,4911.0,1,2022-04-11 09:28:35
1066,rb2210,SHFE,0_0_     1461492,多,平今,4911.0,2,2022-04-11 09:28:35
1067,rb2210,SHFE,0_0_     1462095,空,开,4912.0,4,2022-04-11 09:28:38
1068,rb2210,SHFE,0_0_     1462328,多,平今,4911.000000000001,2,2022-04-11 09:28:40
1069,rb2210,SHFE,0_0_     1462328,多,平今,4911.000000000001,1,2022-04-11 09:28:40
1070,rb2210,SHFE,0_0_     1462328,多,平今,4911.000000000001,1,2022-04-11 09:28:40
1071,rb2210,SHFE,0_0_     1462821,空,平今,4912.0,1,2022-04-11 09:28:43
1072,rb2210,SHFE,0_0_     1462879,空,开,4912.0,2,2022-04-11 09:28:44
1073,rb2210,SHFE,0_0_     1455847,多,开,4910.0,1,2022-04-11 09:29:04
1074,rb2210,SHFE,0_0_     1455847,多,开,4910.0,1,2022-04-11 09:29:04
1075,rb2210,SHFE,0_0_     1455847,多,开,4910.0,1,2022-04-11 09:29:04
1076,rb2210,SHFE,0_0_     1455847,多,开,4910.0,1,2022-04-11 09:29:04
1077,rb2210,SHFE,0_0_     1465863,空,开,4910.0,2,2022-04-11 09:29:10
1078,rb2210,SHFE,0_0_     1465863,空,开,4910.0,1,2022-04-11 09:29:10
1079,rb2210,SHFE,0_0_     1465863,空,开,4910.0,1,2022-04-11 09:29:10
1080,rb2210,SHFE,0_0_     1466122,多,平今,4909.0,2,2022-04-11 09:29:10
1081,rb2210,SHFE,0_0_     1466131,空,开,4910.0,2,2022-04-11 09:29:12
1082,rb2210,SHFE,0_0_     1465425,空,平今,4911.0,4,2022-04-11 09:29:12
1083,rb2210,SHFE,0_0_     1466376,多,平今,4910.0,1,2022-04-11 09:29:12
1084,rb2210,SHFE,0_0_     1466376,多,平今,4910.0,1,2022-04-11 09:29:12
1085,rb2210,SHFE,0_0_     1466375,多,平今,4909.0,2,2022-04-11 09:29:14
1086,rb2210,SHFE,0_0_     1466673,空,开,4910.0,1,2022-04-11 09:29:14
1087,rb2210,SHFE,0_0_     1466673,空,开,4910.0,1,2022-04-11 09:29:14
1088,rb2210,SHFE,0_0_     1466673,空,开,4910.0,3,2022-04-11 09:29:15
1089,rb2210,SHFE,0_0_     1469436,多,平今,4904.0,1,2022-04-11 09:29:34
1090,rb2210,SHFE,0_0_     1469498,空,开,4905.0,1,2022-04-11 09:29:42
1091,rb2210,SHFE,0_0_     1470711,多,平今,4904.0,1,2022-04-11 09:30:01
1092,rb2210,SHFE,0_0_     1474184,空,开,4905.0,1,2022-04-11 09:30:01
1093,rb2210,SHFE,0_0_     1475943,多,平今,4905.0,1,2022-04-11 09:30:14
1094,rb2210,SHFE,0_0_     1475943,多,平今,4905.0,2,2022-04-11 09:30:14
1095,rb2210,SHFE,0_0_     1475943,多,平今,4905.0,3,2022-04-11 09:30:14
1096,rb2210,SHFE,0_0_     1475943,多,平今,4905.0,1,2022-04-11 09:30:14
1097,rb2210,SHFE,0_0_     1475943,多,平今,4905.0,1,2022-04-11 09:30:14
1098,rb2210,SHFE,0_0_     1476784,空,开,4906.0,2,2022-04-11 09:30:19
1099,rb2210,SHFE,0_0_     1476784,空,开,4906.0,1,2022-04-11 09:30:19
1100,rb2210,SHFE,0_0_     1476784,空,开,4906.0,1,2022-04-11 09:30:19
1101,rb2210,SHFE,0_0_     1493271,多,开,4907.0,1,2022-04-11 09:33:00
1102,rb2210,SHFE,0_0_     1493271,多,开,4907.0,4,2022-04-11 09:33:00
1103,rb2210,SHFE,0_0_     1493271,多,开,4907.0,2,2022-04-11 09:33:00
1104,rb2210,SHFE,0_0_     1500256,空,平今,4907.0,3,2022-04-11 09:33:06
1105,rb2210,SHFE,0_0_     1504311,空,平今,4903.0,2,2022-04-11 09:33:36
1106,rb2210,SHFE,0_0_     1504311,空,平今,4903.0,1,2022-04-11 09:33:37
1107,rb2210,SHFE,0_0_     1504311,空,平今,4903.0,1,2022-04-11 09:33:37
1108,rb2210,SHFE,0_0_     1515485,多,平今,4907.0,2,2022-04-11 09:34:54
1109,rb2210,SHFE,0_0_     1545583,多,平今,4903.0,2,2022-04-11 09:38:05
1110,rb2210,SHFE,0_0_     1517124,空,开,4907.0,1,2022-04-11 09:38:19
1111,rb2210,SHFE,0_0_     1548552,多,开,4906.0,4,2022-04-11 09:38:21
1112,rb2210,SHFE,0_0_     1548624,空,平今,4907.0,1,2022-04-11 09:38:21
1113,rb2210,SHFE,0_0_     1548624,空,平今,4907.0,3,2022-04-11 09:38:21
1114,rb2210,SHFE,0_0_     1565336,空,开,4898.0,1,2022-04-11 09:40:06
1115,rb2210,SHFE,0_0_     1567657,多,开,4899.0,3,2022-04-11 09:40:16
1116,rb2210,SHFE,0_0_     1568424,多,开,4901.0,5,2022-04-11 09:40:22
1117,rb2210,SHFE,0_0_     1577375,空,平今,4900.0,4,2022-04-11 09:41:33
1118,rb2210,SHFE,0_0_     1577517,多,开,4899.0,1,2022-04-11 09:41:44
1119,rb2210,SHFE,0_0_     1580380,空,开,4898.0,3,2022-04-11 09:42:26
1120,rb2210,SHFE,0_0_     1580380,空,开,4898.0,1,2022-04-11 09:42:26
1121,rb2210,SHFE,0_0_     1583994,多,平今,4897.0,4,2022-04-11 09:42:33
1122,rb2210,SHFE,0_0_     1584862,空,开,4898.0,4,2022-04-11 09:42:51
1123,rb2210,SHFE,0_0_     1588259,多,平今,4897.000000000001,3,2022-04-11 09:42:57
1124,rb2210,SHFE,0_0_     1590899,空,平今,4892.0,1,2022-04-11 09:43:10
1125,rb2210,SHFE,0_0_     1590899,空,平今,4892.0,4,2022-04-11 09:43:10
1126,rb2210,SHFE,0_0_     1591176,多,开,4891.0,4,2022-04-11 09:43:13
1127,rb2210,SHFE,0_0_     1591317,空,平今,4892.0,1,2022-04-11 09:43:13
1128,rb2210,SHFE,0_0_     1591317,空,平今,4892.0,1,2022-04-11 09:43:14
1129,rb2210,SHFE,0_0_     1591317,空,平今,4892.0,2,2022-04-11 09:43:14
1130,rb2210,SHFE,0_0_     1592170,空,开,4890.0,2,2022-04-11 09:43:17
1131,rb2210,SHFE,0_0_     1592381,多,平今,4889.0,4,2022-04-11 09:43:19
1132,rb2210,SHFE,0_0_     1592579,空,开,4890.0,2,2022-04-11 09:43:19
1133,rb2210,SHFE,0_0_     1592594,多,平今,4889.0,1,2022-04-11 09:43:19
1134,rb2210,SHFE,0_0_     1592594,多,平今,4889.0,1,2022-04-11 09:43:19
1135,rb2210,SHFE,0_0_     1592607,空,开,4890.0,2,2022-04-11 09:43:19
1136,rb2210,SHFE,0_0_     1592617,多,平今,4889.0,2,2022-04-11 09:43:20
1137,rb2210,SHFE,0_0_     1592790,多,开,4889.0,1,2022-04-11 09:43:20
1138,rb2210,SHFE,0_0_     1592790,多,开,4889.0,5,2022-04-11 09:43:21
1139,rb2210,SHFE,0_0_     1592918,空,平今,4890.0,5,2022-04-11 09:43:22
1140,rb2210,SHFE,0_0_     1593485,空,开,4890.0,4,2022-04-11 09:43:26
1141,rb2210,SHFE,0_0_     1593914,多,平今,4889.0,4,2022-04-11 09:43:26
1142,rb2210,SHFE,0_0_     1595156,多,开,4890.0,3,2022-04-11 09:43:33
1143,rb2210,SHFE,0_0_     1596195,空,平今,4888.0,1,2022-04-11 09:43:39
1144,rb2210,SHFE,0_0_     1596195,空,平今,4888.0,1,2022-04-11 09:43:39
1145,rb2210,SHFE,0_0_     1596195,空,平今,4888.0,1,2022-04-11 09:43:39
1146,rb2210,SHFE,0_0_     1596195,空,平今,4888.0,1,2022-04-11 09:43:39
1147,rb2210,SHFE,0_0_     1597531,多,开,4888.0,2,2022-04-11 09:43:49
1148,rb2210,SHFE,0_0_     1599116,空,平今,4890.0,2,2022-04-11 09:44:01
1149,rb2210,SHFE,0_0_     1600366,多,开,4894.0,3,2022-04-11 09:44:09
1150,rb2210,SHFE,0_0_     1603313,多,开,4895.0,2,2022-04-11 09:44:27
1151,rb2210,SHFE,0_0_     1617329,空,平今,4898.0,5,2022-04-11 09:45:55
1152,rb2210,SHFE,0_0_     1617413,空,开,4898.0,1,2022-04-11 09:45:59
1153,rb2210,SHFE,0_0_     1617413,空,开,4898.0,3,2022-04-11 09:45:59
1154,rb2210,SHFE,0_0_     1619495,多,平今,4894.0,3,2022-04-11 09:46:09
1155,rb2210,SHFE,0_0_     1619871,空,开,4895.0,3,2022-04-11 09:46:10
1156,rb2210,SHFE,0_0_     1620710,多,平今,4896.0,1,2022-04-11 09:46:17
1157,rb2210,SHFE,0_0_     1620905,空,开,4897.0,1,2022-04-11 09:46:17
1158,rb2210,SHFE,0_0_     1620990,多,平今,4896.0,1,2022-04-11 09:46:29
1159,rb2210,SHFE,0_0_     1627412,空,开,4898.0,4,2022-04-11 09:47:18
1160,rb2210,SHFE,0_0_     1629023,多,平今,4895.0,2,2022-04-11 09:47:18
1161,rb2210,SHFE,0_0_     1629127,多,平今,4895.0,1,2022-04-11 09:47:18
1162,rb2210,SHFE,0_0_     1629127,多,平今,4895.0,1,2022-04-11 09:47:18
1163,rb2210,SHFE,0_0_     1629127,多,平今,4896.0,1,2022-04-11 09:47:18
1164,rb2210,SHFE,0_0_     1629127,多,平今,4896.0,1,2022-04-11 09:47:18
1165,rb2210,SHFE,0_0_     1629193,多,开,4896.0,4,2022-04-11 09:47:19
1166,rb2210,SHFE,0_0_     1629257,多,开,4896.0,4,2022-04-11 09:47:20
1167,rb2210,SHFE,0_0_     1629352,空,平今,4896.0,1,2022-04-11 09:47:21
1168,rb2210,SHFE,0_0_     1629352,空,平今,4896.0,1,2022-04-11 09:47:21
1169,rb2210,SHFE,0_0_     1631628,多,平今,4895.0,1,2022-04-11 09:47:48
1170,rb2210,SHFE,0_0_     1637920,空,平今,4897.0,1,2022-04-11 09:48:21
1171,rb2210,SHFE,0_0_     1638220,空,平今,4897.0,1,2022-04-11 09:48:26
1172,rb2210,SHFE,0_0_     1633000,多,平今,4895.0,1,2022-04-11 09:48:48
1173,rb2210,SHFE,0_0_     1641433,空,平今,4896.0,1,2022-04-11 09:48:54
1174,rb2210,SHFE,0_0_     1641433,空,平今,4896.0,2,2022-04-11 09:48:54
1175,rb2210,SHFE,0_0_     1644500,空,平今,4895.0,1,2022-04-11 09:49:13
1176,rb2210,SHFE,0_0_     1644923,多,开,4894.0,1,2022-04-11 09:49:14
1177,rb2210,SHFE,0_0_     1645272,空,平今,4895.0,1,2022-04-11 09:49:15
1178,rb2210,SHFE,0_0_     1647404,多,开,4894.0,4,2022-04-11 09:49:29
1179,rb2210,SHFE,0_0_     1647492,空,平今,4895.0,4,2022-04-11 09:49:33
1180,rb2210,SHFE,0_0_     1648172,多,开,4894.0,4,2022-04-11 09:49:35
1181,rb2210,SHFE,0_0_     1657894,空,平今,4893.0,1,2022-04-11 09:50:31
1182,rb2210,SHFE,0_0_     1657894,空,平今,4893.0,1,2022-04-11 09:50:31
1183,rb2210,SHFE,0_0_     1657894,空,平今,4893.0,1,2022-04-11 09:50:32
1184,rb2210,SHFE,0_0_     1657894,空,平今,4893.0,1,2022-04-11 09:50:32
1185,rb2210,SHFE,0_0_     1658615,空,开,4893.0,1,2022-04-11 09:51:06
1186,rb2210,SHFE,0_0_     1663904,空,开,4892.0,4,2022-04-11 09:51:15
1187,rb2210,SHFE,0_0_     1674647,多,平今,4896.0,1,2022-04-11 09:52:23
1188,rb2210,SHFE,0_0_     1674647,多,平今,4896.0,1,2022-04-11 09:52:23
1189,rb2210,SHFE,0_0_     1674647,多,平今,4896.0,1,2022-04-11 09:52:24
1190,rb2210,SHFE,0_0_     1674647,多,平今,4896.0,1,2022-04-11 09:52:24
1191,rb2210,SHFE,0_0_     1675431,多,开,4897.0,4,2022-04-11 09:52:30
1192,rb2210,SHFE,0_0_     1675496,空,平今,4898.0,4,2022-04-11 09:52:33
1193,rb2210,SHFE,0_0_     1677300,空,开,4897.0,1,2022-04-11 09:52:43
1194,rb2210,SHFE,0_0_     1685439,空,开,4894.0,4,2022-04-11 09:53:43
1195,rb2210,SHFE,0_0_     1685963,多,平今,4893.0,4,2022-04-11 09:54:00
1196,rb2210,SHFE,0_0_     1688114,空,开,4894.0,1,2022-04-11 09:54:09
1197,rb2210,SHFE,0_0_     1688114,空,开,4894.0,3,2022-04-11 09:54:09
1198,rb2210,SHFE,0_0_     1691619,多,开,4896.0,3,2022-04-11 09:54:27
1199,rb2210,SHFE,0_0_     1692151,空,平今,4897.0,1,2022-04-11 09:54:38
1200,rb2210,SHFE,0_0_     1692151,空,平今,4897.0,1,2022-04-11 09:54:38
1201,rb2210,SHFE,0_0_     1692151,空,平今,4897.0,1,2022-04-11 09:54:38
1202,rb2210,SHFE,0_0_     1693241,多,开,4896.0,3,2022-04-11 09:54:44
1203,rb2210,SHFE,0_0_     1693696,空,平今,4897.0,2,2022-04-11 09:54:46
1204,rb2210,SHFE,0_0_     1693696,空,平今,4897.0,1,2022-04-11 09:54:46
1205,rb2210,SHFE,0_0_     1693929,空,开,4897.0,1,2022-04-11 09:55:03
1206,rb2210,SHFE,0_0_     1696858,多,开,4897.0,4,2022-04-11 09:55:14
1207,rb2210,SHFE,0_0_     1699602,多,平今,4898.0,1,2022-04-11 09:55:40
1208,rb2210,SHFE,0_0_     1699602,多,平今,4898.0,1,2022-04-11 09:55:40
1209,rb2210,SHFE,0_0_     1689717,多,平今,4893.0,1,2022-04-11 09:56:16
1210,rb2210,SHFE,0_0_     1689717,多,平今,4893.0,1,2022-04-11 09:56:17
1211,rb2210,SHFE,0_0_     1689717,多,平今,4893.0,1,2022-04-11 09:56:17
1212,rb2210,SHFE,0_0_     1710736,空,开,4891.0,4,2022-04-11 09:57:04
1213,rb2210,SHFE,0_0_     1710736,空,开,4891.0,2,2022-04-11 09:57:04
1214,rb2210,SHFE,0_0_     1661318,多,开,4889.0,2,2022-04-11 09:57:04
1215,rb2210,SHFE,0_0_     1711523,多,平今,4889.0,4,2022-04-11 09:57:09
1216,rb2210,SHFE,0_0_     1711706,空,开,4890.0,4,2022-04-11 09:57:09
1217,rb2210,SHFE,0_0_     1711734,多,平今,4889.0,4,2022-04-11 09:57:12
1218,rb2210,SHFE,0_0_     1713744,多,平今,4886.0,1,2022-04-11 09:57:27
1219,rb2210,SHFE,0_0_     1714151,多,平今,4886.0,2,2022-04-11 09:57:35
1220,rb2210,SHFE,0_0_     1714833,多,平今,4886.0,1,2022-04-11 09:57:38
1221,rb2210,SHFE,0_0_     1715131,空,开,4887.0,3,2022-04-11 09:57:38
1222,rb2210,SHFE,0_0_     1715800,多,平今,4888.0,2,2022-04-11 09:57:47
1223,rb2210,SHFE,0_0_     1712864,空,平今,4889.000000000001,3,2022-04-11 09:57:47
1224,rb2210,SHFE,0_0_     1715867,多,开,4888.000000000001,4,2022-04-11 09:57:49
1225,rb2210,SHFE,0_0_     1716029,空,平今,4889.0,1,2022-04-11 09:57:49
1226,rb2210,SHFE,0_0_     1716029,空,平今,4889.0,1,2022-04-11 09:57:49
1227,rb2210,SHFE,0_0_     1716029,空,平今,4889.0,2,2022-04-11 09:57:49
1228,rb2210,SHFE,0_0_     1711988,空,开,4890.0,4,2022-04-11 09:57:52
1229,rb2210,SHFE,0_0_     1716771,多,平今,4889.0,4,2022-04-11 09:57:53
1230,rb2210,SHFE,0_0_     1716796,多,开,4889.0,1,2022-04-11 09:57:53
1231,rb2210,SHFE,0_0_     1716796,多,开,4889.0,1,2022-04-11 09:57:54
1232,rb2210,SHFE,0_0_     1717714,多,开,4889.0,2,2022-04-11 09:58:00
1233,rb2210,SHFE,0_0_     1718451,空,开,4888.0,4,2022-04-11 09:58:13
1234,rb2210,SHFE,0_0_     1717470,空,平今,4890.0,1,2022-04-11 09:58:18
1235,rb2210,SHFE,0_0_     1720561,多,平今,4889.0,1,2022-04-11 09:58:41
1236,rb2210,SHFE,0_0_     1724024,空,平今,4890.0,1,2022-04-11 09:58:44
1237,rb2210,SHFE,0_0_     1719354,多,平今,4887.0,4,2022-04-11 09:59:00
1238,rb2210,SHFE,0_0_     1727640,多,开,4888.0,1,2022-04-11 09:59:12
1239,rb2210,SHFE,0_0_     1727640,多,开,4888.0,1,2022-04-11 09:59:12
1240,rb2210,SHFE,0_0_     1727858,空,开,4888.0,4,2022-04-11 09:59:15
1241,rb2210,SHFE,0_0_     1729660,空,平今,4888.0,2,2022-04-11 09:59:36
1242,rb2210,SHFE,0_0_     1730555,多,平今,4887.0,4,2022-04-11 09:59:41
1243,rb2210,SHFE,0_0_     1731941,空,开,4887.0,1,2022-04-11 09:59:52
1244,rb2210,SHFE,0_0_     1733014,多,平今,4886.0,1,2022-04-11 09:59:54
1245,rb2210,SHFE,0_0_     1733981,空,开,4886.0,3,2022-04-11 09:59:57
1246,rb2210,SHFE,0_0_     1733326,空,开,4887.0,1,2022-04-11 10:00:05
1247,rb2210,SHFE,0_0_     1735931,多,平今,4886.0,1,2022-04-11 10:00:06
1248,rb2210,SHFE,0_0_     1736220,空,平今,4887.0,1,2022-04-11 10:00:06
1249,rb2210,SHFE,0_0_     1736350,多,平今,4886.0,1,2022-04-11 10:00:07
1250,rb2210,SHFE,0_0_     1736621,多,平今,4886.0,1,2022-04-11 10:00:11
1251,rb2210,SHFE,0_0_     1738980,多,开,4884.0,4,2022-04-11 10:00:23
1252,rb2210,SHFE,0_0_     1739265,空,平今,4884.0,3,2022-04-11 10:00:23
1253,rb2210,SHFE,0_0_     1739463,空,平今,4884.0,2,2022-04-11 10:00:24
1254,rb2210,SHFE,0_0_     1740575,空,开,4885.0,3,2022-04-11 10:00:30
1255,rb2210,SHFE,0_0_     1737591,空,平今,4887.0,1,2022-04-11 10:00:34
1256,rb2210,SHFE,0_0_     1741612,多,平今,4886.0,1,2022-04-11 10:00:36
1257,rb2210,SHFE,0_0_     1741612,多,平今,4886.0,1,2022-04-11 10:00:36
1258,rb2210,SHFE,0_0_     1741612,多,平今,4886.0,1,2022-04-11 10:00:36
1259,rb2210,SHFE,0_0_     1741612,多,平今,4886.0,1,2022-04-11 10:00:36
1260,rb2210,SHFE,0_0_     1742528,多,开,4886.0,6,2022-04-11 10:00:41
1261,rb2210,SHFE,0_0_     1743094,空,平今,4887.0,1,2022-04-11 10:00:44
1262,rb2210,SHFE,0_0_     1743094,空,平今,4887.0,1,2022-04-11 10:00:45
1263,rb2210,SHFE,0_0_     1743094,空,平今,4887.0,1,2022-04-11 10:00:45
1264,rb2210,SHFE,0_0_     1744489,空,平今,4889.0,2,2022-04-11 10:00:57
1265,rb2210,SHFE,0_0_     1744728,多,开,4888.0,1,2022-04-11 10:00:58
1266,rb2210,SHFE,0_0_     1745038,多,开,4889.000000000001,1,2022-04-11 10:01:01
1267,rb2210,SHFE,0_0_     1724856,空,开,4890.0,4,2022-04-11 10:01:01
1268,rb2210,SHFE,0_0_     1723133,空,平今,4891.0,2,2022-04-11 10:01:03
1269,rb2210,SHFE,0_0_     1745747,多,开,4890.0,1,2022-04-11 10:01:10
1270,rb2210,SHFE,0_0_     1745879,多,开,4890.0,4,2022-04-11 10:01:11
1271,rb2210,SHFE,0_0_     1745427,多,平今,4889.0,4,2022-04-11 10:01:17
1272,rb2210,SHFE,0_0_     1748739,空,开,4888.0,1,2022-04-11 10:01:21
1273,rb2210,SHFE,0_0_     1748739,空,开,4888.0,1,2022-04-11 10:01:21
1274,rb2210,SHFE,0_0_     1748739,空,开,4888.0,6,2022-04-11 10:01:21
1275,rb2210,SHFE,0_0_     1754791,多,平今,4887.0,3,2022-04-11 10:02:01
1276,rb2210,SHFE,0_0_     1757767,空,开,4885.0,1,2022-04-11 10:02:22
1277,rb2210,SHFE,0_0_     1757767,空,开,4885.0,1,2022-04-11 10:02:23
1278,rb2210,SHFE,0_0_     1757767,空,开,4885.0,1,2022-04-11 10:02:23
1279,rb2210,SHFE,0_0_     1760454,多,平今,4882.0,1,2022-04-11 10:02:33
1280,rb2210,SHFE,0_0_     1760454,多,平今,4882.0,1,2022-04-11 10:02:33
1281,rb2210,SHFE,0_0_     1760454,多,平今,4882.0,2,2022-04-11 10:02:33
1282,rb2210,SHFE,0_0_     1760454,多,平今,4882.0,1,2022-04-11 10:02:33
1283,rb2210,SHFE,0_0_     1760454,多,平今,4882.0,1,2022-04-11 10:02:33
1284,rb2210,SHFE,0_0_     1760454,多,平今,4882.0,1,2022-04-11 10:02:33
1285,rb2210,SHFE,0_0_     1760454,多,平今,4882.0,1,2022-04-11 10:02:33
1286,rb2210,SHFE,0_0_     1761845,空,平今,4881.0,2,2022-04-11 10:02:45
1287,rb2210,SHFE,0_0_     1760609,空,开,4883.0,4,2022-04-11 10:02:51
1288,rb2210,SHFE,0_0_     1762939,空,开,4883.0,2,2022-04-11 10:02:56
1289,rb2210,SHFE,0_0_     1762939,空,开,4883.0,2,2022-04-11 10:02:56
1290,rb2210,SHFE,0_0_     1763457,多,平今,4883.0,4,2022-04-11 10:03:06
1291,rb2210,SHFE,0_0_     1764991,空,开,4884.0,1,2022-04-11 10:03:35
1292,rb2210,SHFE,0_0_     1764991,空,开,4884.0,1,2022-04-11 10:03:36
1293,rb2210,SHFE,0_0_     1764991,空,开,4884.0,1,2022-04-11 10:03:36
1294,rb2210,SHFE,0_0_     1764991,空,开,4884.0,1,2022-04-11 10:03:36
1295,rb2210,SHFE,0_0_     1769394,多,平今,4881.0,1,2022-04-11 10:03:44
1296,rb2210,SHFE,0_0_     1769947,多,平今,4881.0,1,2022-04-11 10:03:47
1297,rb2210,SHFE,0_0_     1769947,多,平今,4881.0,1,2022-04-11 10:03:48
1298,rb2210,SHFE,0_0_     1769947,多,平今,4881.0,1,2022-04-11 10:03:48
1299,rb2210,SHFE,0_0_     1769947,多,平今,4881.0,1,2022-04-11 10:03:49
1300,rb2210,SHFE,0_0_     1770415,空,开,4882.0,1,2022-04-11 10:03:49
1301,rb2210,SHFE,0_0_     1771189,空,开,4881.0,3,2022-04-11 10:03:55
1302,rb2210,SHFE,0_0_     1770509,空,开,4882.0,1,2022-04-11 10:03:55
1303,rb2210,SHFE,0_0_     1771400,多,平今,4880.0,1,2022-04-11 10:03:56
1304,rb2210,SHFE,0_0_     1771400,多,平今,4880.0,2,2022-04-11 10:03:56
1305,rb2210,SHFE,0_0_     1771554,多,平今,4881.0,1,2022-04-11 10:03:57
1306,rb2210,SHFE,0_0_     1771605,多,平今,4881.0,1,2022-04-11 10:03:57
1307,rb2210,SHFE,0_0_     1771605,多,平今,4881.0,2,2022-04-11 10:03:57
1308,rb2210,SHFE,0_0_     1771605,多,平今,4881.0,1,2022-04-11 10:03:57
1309,rb2210,SHFE,0_0_     1771789,空,开,4881.0,1,2022-04-11 10:04:04
1310,rb2210,SHFE,0_0_     1772925,空,开,4880.0,4,2022-04-11 10:04:05
1311,rb2210,SHFE,0_0_     1773082,空,开,4880.0,1,2022-04-11 10:04:05
1312,rb2210,SHFE,0_0_     1773178,多,平今,4880.0,4,2022-04-11 10:04:06
1313,rb2210,SHFE,0_0_     1773283,空,平今,4881.0,3,2022-04-11 10:04:07
1314,rb2210,SHFE,0_0_     1773669,空,开,4881.0,2,2022-04-11 10:04:09
1315,rb2210,SHFE,0_0_     1783235,空,平今,4877.0,2,2022-04-11 10:05:04
1316,rb2210,SHFE,0_0_     1783235,空,平今,4877.0,1,2022-04-11 10:05:04
1317,rb2210,SHFE,0_0_     1783627,多,平今,4877.000000000001,4,2022-04-11 10:05:07
1318,rb2210,SHFE,0_0_     1781211,空,开,4881.0,1,2022-04-11 10:05:31
1319,rb2210,SHFE,0_0_     1781211,空,开,4881.0,2,2022-04-11 10:05:32
1320,rb2210,SHFE,0_0_     1781211,空,开,4881.0,1,2022-04-11 10:05:32
1321,rb2210,SHFE,0_0_     1787797,多,平今,4879.0,4,2022-04-11 10:05:35
1322,rb2210,SHFE,0_0_     1795563,空,开,4879.0,8,2022-04-11 10:06:45
1323,rb2210,SHFE,0_0_     1797905,多,平今,4879.0,1,2022-04-11 10:06:51
1324,rb2210,SHFE,0_0_     1797905,多,平今,4879.0,1,2022-04-11 10:06:52
1325,rb2210,SHFE,0_0_     1797905,多,平今,4879.0,2,2022-04-11 10:06:52
1326,rb2210,SHFE,0_0_     1807941,多,平今,4876.0,4,2022-04-11 10:07:54
1327,rb2210,SHFE,0_0_     1808059,多,开,4876.000000000001,4,2022-04-11 10:07:57
1328,rb2210,SHFE,0_0_     1785031,多,开,4874.0,4,2022-04-11 10:08:29
1329,rb2210,SHFE,0_0_     1812004,空,平今,4875.0,1,2022-04-11 10:08:30
1330,rb2210,SHFE,0_0_     1812004,空,平今,4875.0,1,2022-04-11 10:08:30
1331,rb2210,SHFE,0_0_     1812004,空,平今,4875.0,2,2022-04-11 10:08:30
1332,rb2210,SHFE,0_0_     1812291,空,开,4874.0,5,2022-04-11 10:08:31
1333,rb2210,SHFE,0_0_     1812171,空,平今,4875.0,3,2022-04-11 10:08:31
1334,rb2210,SHFE,0_0_     1812171,空,平今,4875.0,1,2022-04-11 10:08:31
1335,rb2210,SHFE,0_0_     1813234,空,开,4874.0,2,2022-04-11 10:08:36
1336,rb2210,SHFE,0_0_     1813466,多,平今,4873.0,2,2022-04-11 10:08:36
1337,rb2210,SHFE,0_0_     1814187,空,开,4874.0,3,2022-04-11 10:08:50
1338,rb2210,SHFE,0_0_     1815517,多,平今,4873.0,1,2022-04-11 10:08:50
1339,rb2210,SHFE,0_0_     1815517,多,平今,4873.0,2,2022-04-11 10:08:51
1340,rb2210,SHFE,0_0_     1815524,空,开,4874.0,2,2022-04-11 10:08:53
1341,rb2210,SHFE,0_0_     1815781,多,平今,4873.0,2,2022-04-11 10:09:02
1342,rb2210,SHFE,0_0_     1816662,空,开,4874.0,2,2022-04-11 10:09:02
1343,rb2210,SHFE,0_0_     1816664,多,平今,4873.0,2,2022-04-11 10:09:05
1344,rb2210,SHFE,0_0_     1816856,空,开,4874.0,1,2022-04-11 10:09:06
1345,rb2210,SHFE,0_0_     1816856,空,开,4874.0,1,2022-04-11 10:09:07
1346,rb2210,SHFE,0_0_     1817227,空,开,4874.0,1,2022-04-11 10:09:23
1347,rb2210,SHFE,0_0_     1819923,多,平今,4873.0,1,2022-04-11 10:09:24
1348,rb2210,SHFE,0_0_     1819986,空,开,4874.0,1,2022-04-11 10:09:25
1349,rb2210,SHFE,0_0_     1820140,多,平今,4873.0,1,2022-04-11 10:09:50
1350,rb2210,SHFE,0_0_     1823002,多,平今,4873.0,7,2022-04-11 10:09:52
1351,rb2210,SHFE,0_0_     1823406,空,开,4874.0,2,2022-04-11 10:09:54
1352,rb2210,SHFE,0_0_     1824020,空,开,4874.0,2,2022-04-11 10:09:56
1353,rb2210,SHFE,0_0_     1826689,多,开,4880.0,4,2022-04-11 10:10:16
1354,rb2210,SHFE,0_0_     1831070,多,开,4883.0,1,2022-04-11 10:10:31
1355,rb2210,SHFE,0_0_     1831070,多,开,4883.0,1,2022-04-11 10:10:31
1356,rb2210,SHFE,0_0_     1831070,多,开,4883.0,1,2022-04-11 10:10:31
1357,rb2210,SHFE,0_0_     1831070,多,开,4883.0,1,2022-04-11 10:10:31
1358,rb2210,SHFE,0_0_     1831546,空,平今,4884.000000000001,4,2022-04-11 10:10:35
1359,rb2210,SHFE,0_0_     1832153,多,开,4885.0,1,2022-04-11 10:10:39
1360,rb2210,SHFE,0_0_     1832153,多,开,4885.0,3,2022-04-11 10:10:39
1361,rb2210,SHFE,0_0_     1835112,空,平今,4881.0,2,2022-04-11 10:11:10
1362,rb2210,SHFE,0_0_     1833065,空,平今,4886.0,1,2022-04-11 10:11:48
1363,rb2210,SHFE,0_0_     1833065,空,平今,4886.0,5,2022-04-11 10:11:48
1364,rb2210,SHFE,0_0_     1839107,多,平今,4885.000000000001,2,2022-04-11 10:11:48
1365,rb2210,SHFE,0_0_     1844668,多,开,4882.0,1,2022-04-11 10:12:30
1366,rb2210,SHFE,0_0_     1844668,多,开,4882.0,2,2022-04-11 10:12:30
1367,rb2210,SHFE,0_0_     1845001,空,平今,4883.0,3,2022-04-11 10:12:32
1368,rb2210,SHFE,0_0_     1845168,多,开,4882.0,4,2022-04-11 10:12:32
1369,rb2210,SHFE,0_0_     1845168,多,开,4882.0,1,2022-04-11 10:12:32
1370,rb2210,SHFE,0_0_     1845174,空,平今,4883.0,1,2022-04-11 10:12:57
1371,rb2210,SHFE,0_0_     1853505,空,平今,4873.0,1,2022-04-11 10:13:44
1372,rb2210,SHFE,0_0_     1853591,多,平今,4871.0,1,2022-04-11 10:13:45
1373,rb2210,SHFE,0_0_     1858681,多,开,4870.0,4,2022-04-11 10:30:29
1374,rb2210,SHFE,0_0_     1859512,空,平今,4873.0,2,2022-04-11 10:31:11
1375,rb2210,SHFE,0_0_     1859611,空,平今,4873.0,2,2022-04-11 10:31:15
1376,rb2210,SHFE,0_0_     1860237,多,开,4874.0,2,2022-04-11 10:31:29
1377,rb2210,SHFE,0_0_     1860237,多,开,4874.0,1,2022-04-11 10:31:29
1378,rb2210,SHFE,0_0_     1860339,空,平今,4874.0,3,2022-04-11 10:31:30
1379,rb2210,SHFE,0_0_     1862504,空,平今,4874.0,1,2022-04-11 10:31:58
1380,rb2210,SHFE,0_0_     1866987,空,平今,4869.0,1,2022-04-11 10:32:35
1381,rb2210,SHFE,0_0_     1868420,空,开,4869.0,5,2022-04-11 10:32:47
1382,rb2210,SHFE,0_0_     1868535,多,平今,4868.0,2,2022-04-11 10:32:58
1383,rb2210,SHFE,0_0_     1870071,空,平今,4869.0,1,2022-04-11 10:33:03
1384,rb2210,SHFE,0_0_     1876682,多,平今,4871.0,2,2022-04-11 10:33:54
1385,rb2210,SHFE,0_0_     1877088,多,平今,4871.0,1,2022-04-11 10:33:57
1386,rb2210,SHFE,0_0_     1877316,空,开,4872.0,1,2022-04-11 10:34:03
1387,rb2210,SHFE,0_0_     1882862,多,平今,4875.0,1,2022-04-11 10:34:40
1388,rb2210,SHFE,0_0_     1883561,空,开,4876.0,3,2022-04-11 10:34:49
1389,rb2210,SHFE,0_0_     1884391,多,平今,4875.0,3,2022-04-11 10:34:49
1390,rb2210,SHFE,0_0_     1884398,空,开,4876.0,3,2022-04-11 10:34:51
1391,rb2210,SHFE,0_0_     1892694,多,平今,4878.0,1,2022-04-11 10:35:45
1392,rb2210,SHFE,0_0_     1892694,多,平今,4878.0,1,2022-04-11 10:35:45
1393,rb2210,SHFE,0_0_     1892694,多,平今,4878.0,2,2022-04-11 10:35:45
1394,rb2210,SHFE,0_0_     1892738,空,开,4879.0,4,2022-04-11 10:35:45
1395,rb2210,SHFE,0_0_     1892760,多,平今,4878.0,4,2022-04-11 10:35:45
1396,rb2210,SHFE,0_0_     1892885,空,开,4879.0,4,2022-04-11 10:35:48
1397,rb2210,SHFE,0_0_     1900843,多,平今,4879.0,1,2022-04-11 10:36:32
1398,rb2210,SHFE,0_0_     1900843,多,平今,4879.0,1,2022-04-11 10:36:32
1399,rb2210,SHFE,0_0_     1900843,多,平今,4879.0,1,2022-04-11 10:36:32
1400,rb2210,SHFE,0_0_     1900843,多,平今,4879.0,1,2022-04-11 10:36:32
1401,rb2210,SHFE,0_0_     1901973,空,开,4881.0,4,2022-04-11 10:36:39
1402,rb2210,SHFE,0_0_     1902789,多,平今,4879.0,1,2022-04-11 10:37:29
1403,rb2210,SHFE,0_0_     1909577,空,开,4880.0,1,2022-04-11 10:37:29
1404,rb2210,SHFE,0_0_     1906732,空,开,4882.0,3,2022-04-11 10:38:20
1405,rb2210,SHFE,0_0_     1916264,多,开,4881.0,5,2022-04-11 10:38:20
1406,rb2210,SHFE,0_0_     1916455,空,平今,4882.0,1,2022-04-11 10:38:21
1407,rb2210,SHFE,0_0_     1916720,空,平今,4882.0,1,2022-04-11 10:39:00
1408,rb2210,SHFE,0_0_     1921858,多,平今,4881.0,1,2022-04-11 10:39:02
1409,rb2210,SHFE,0_0_     1924518,多,平今,4883.0,2,2022-04-11 10:39:20
1410,rb2210,SHFE,0_0_     1925506,多,平今,4883.0,1,2022-04-11 10:39:25
1411,rb2210,SHFE,0_0_     1926256,空,开,4883.0,4,2022-04-11 10:39:32
1412,rb2210,SHFE,0_0_     1927580,多,平今,4886.0,1,2022-04-11 10:39:47
1413,rb2210,SHFE,0_0_     1930102,空,平今,4885.0,2,2022-04-11 10:40:07
1414,rb2210,SHFE,0_0_     1930175,多,开,4884.0,3,2022-04-11 10:40:20
1415,rb2210,SHFE,0_0_     1930175,多,开,4884.0,3,2022-04-11 10:40:22
1416,rb2210,SHFE,0_0_     1931754,空,平今,4885.0,2,2022-04-11 10:40:22
1417,rb2210,SHFE,0_0_     1931833,空,平今,4885.0,1,2022-04-11 10:40:23
1418,rb2210,SHFE,0_0_     1933663,空,平今,4884.0,1,2022-04-11 10:40:45
1419,rb2210,SHFE,0_0_     1933663,空,平今,4884.0,1,2022-04-11 10:40:47
1420,rb2210,SHFE,0_0_     1933663,空,平今,4884.0,1,2022-04-11 10:40:47
1421,rb2210,SHFE,0_0_     1933663,空,平今,4884.0,1,2022-04-11 10:40:47
1422,rb2210,SHFE,0_0_     1934519,多,开,4883.0,1,2022-04-11 10:40:52
1423,rb2210,SHFE,0_0_     1934519,多,开,4883.0,1,2022-04-11 10:41:03
1424,rb2210,SHFE,0_0_     1934519,多,开,4883.0,1,2022-04-11 10:41:03
1425,rb2210,SHFE,0_0_     1926373,多,平今,4882.0,6,2022-04-11 10:41:27
1426,rb2210,SHFE,0_0_     1938442,空,开,4883.0,6,2022-04-11 10:41:29
1427,rb2210,SHFE,0_0_     1938768,多,平今,4883.0,1,2022-04-11 10:41:32
1428,rb2210,SHFE,0_0_     1940976,多,平今,4882.0,1,2022-04-11 10:41:52
1429,rb2210,SHFE,0_0_     1944924,空,平今,4884.0,1,2022-04-11 10:42:25
1430,rb2210,SHFE,0_0_     1948491,多,开,4887.0,1,2022-04-11 10:43:04
1431,rb2210,SHFE,0_0_     1948491,多,开,4887.0,1,2022-04-11 10:43:04
1432,rb2210,SHFE,0_0_     1948491,多,开,4887.0,1,2022-04-11 10:43:04
1433,rb2210,SHFE,0_0_     1948491,多,开,4887.0,1,2022-04-11 10:43:04
1434,rb2210,SHFE,0_0_     1949608,空,平今,4888.0,3,2022-04-11 10:43:04
1435,rb2210,SHFE,0_0_     1949608,空,平今,4888.0,1,2022-04-11 10:43:04
1436,rb2210,SHFE,0_0_     1951946,多,开,4888.0,2,2022-04-11 10:43:24
1437,rb2210,SHFE,0_0_     1955394,空,平今,4892.0,1,2022-04-11 10:43:43
1438,rb2210,SHFE,0_0_     1955518,空,平今,4892.0,1,2022-04-11 10:43:44
1439,rb2210,SHFE,0_0_     1955923,空,平今,4892.0,2,2022-04-11 10:43:46
1440,rb2210,SHFE,0_0_     1959230,多,开,4892.0,1,2022-04-11 10:44:13
1441,rb2210,SHFE,0_0_     1963138,多,开,4892.0,4,2022-04-11 10:44:41
1442,rb2210,SHFE,0_0_     1963369,空,平今,4892.0,2,2022-04-11 10:44:42
1443,rb2210,SHFE,0_0_     1963369,空,平今,4892.0,2,2022-04-11 10:44:43
1444,rb2210,SHFE,0_0_     1963904,空,平今,4892.0,1,2022-04-11 10:44:59
1445,rb2210,SHFE,0_0_     1952123,多,开,4888.0,1,2022-04-11 10:45:03
1446,rb2210,SHFE,0_0_     1965843,空,平今,4889.0,1,2022-04-11 10:45:04
1447,rb2210,SHFE,0_0_     1965891,空,开,4889.0,1,2022-04-11 10:45:04
1448,rb2210,SHFE,0_0_     1980584,多,平今,4889.0,2,2022-04-11 10:46:49
1449,rb2210,SHFE,0_0_     1992001,空,开,4887.0,1,2022-04-11 10:48:12
1450,rb2210,SHFE,0_0_     1992573,空,开,4887.0,1,2022-04-11 10:48:14
1451,rb2210,SHFE,0_0_     1996954,多,平今,4890.0,4,2022-04-11 10:48:42
1452,rb2210,SHFE,0_0_     1998960,空,开,4888.0,5,2022-04-11 10:49:00
1453,rb2210,SHFE,0_0_     2004748,空,开,4886.0,1,2022-04-11 10:49:45
1454,rb2210,SHFE,0_0_     2005001,多,平今,4885.0,1,2022-04-11 10:49:47
1455,rb2210,SHFE,0_0_     2005342,空,开,4886.000000000001,1,2022-04-11 10:49:48
1456,rb2210,SHFE,0_0_     2005540,多,平今,4885.0,1,2022-04-11 10:50:11
1457,rb2210,SHFE,0_0_     2008904,空,开,4886.0,1,2022-04-11 10:50:11
1458,rb2210,SHFE,0_0_     2012818,多,开,4883.0,3,2022-04-11 10:50:34
1459,rb2210,SHFE,0_0_     2012818,多,开,4883.0,1,2022-04-11 10:50:34
1460,rb2210,SHFE,0_0_     2012818,多,开,4883.0,2,2022-04-11 10:50:34
1461,rb2210,SHFE,0_0_     2012818,多,开,4883.0,1,2022-04-11 10:50:34
1462,rb2210,SHFE,0_0_     2012818,多,开,4883.0,1,2022-04-11 10:50:34
1463,rb2210,SHFE,0_0_     2013190,空,平今,4883.0,3,2022-04-11 10:50:37
1464,rb2210,SHFE,0_0_     2018466,空,平今,4883.0,1,2022-04-11 10:51:34
1465,rb2210,SHFE,0_0_     2018466,空,平今,4883.0,1,2022-04-11 10:51:35
1466,rb2210,SHFE,0_0_     2018466,空,平今,4883.0,1,2022-04-11 10:51:35
1467,rb2210,SHFE,0_0_     2018466,空,平今,4883.0,1,2022-04-11 10:51:36
