,code,exchange,orderid,direction,offset,price,volume,datetime
0,rb2210,SHFE,0_0_        1561,空,平昨,4892.0,1,2022-04-11 21:00:45
1,rb2210,SHFE,0_0_        1864,多,平昨,4892.0,4,2022-04-11 21:00:53
2,rb2210,SHFE,0_0_        2047,空,平昨,4891.0,2,2022-04-11 21:00:59
3,rb2210,SHFE,0_0_        2147,多,开,4890.0,1,2022-04-11 21:00:59
4,rb2210,SHFE,0_0_        2147,多,开,4890.0,1,2022-04-11 21:00:59
5,rb2210,SHFE,0_0_        2296,多,开,4890.0,1,2022-04-11 21:01:03
6,rb2210,SHFE,0_0_        2381,空,平今,4890.0,3,2022-04-11 21:01:06
7,rb2210,SHFE,0_0_        2365,空,平昨,4891.0,2,2022-04-11 21:01:14
8,rb2210,SHFE,0_0_        2365,空,平昨,4891.0,1,2022-04-11 21:01:14
9,rb2210,SHFE,0_0_        2365,空,平昨,4891.0,1,2022-04-11 21:01:14
10,rb2210,SHFE,0_0_        2615,多,开,4890.0,4,2022-04-11 21:01:14
11,rb2210,SHFE,0_0_        2950,空,平今,4893.0,1,2022-04-11 21:01:27
12,rb2210,SHFE,0_0_        2950,空,平今,4893.0,2,2022-04-11 21:01:27
13,rb2210,SHFE,0_0_        2987,多,开,4892.0,3,2022-04-11 21:01:31
14,rb2210,SHFE,0_0_        3111,空,平今,4893.0,3,2022-04-11 21:01:33
15,rb2210,SHFE,0_0_        3176,多,开,4892.0,4,2022-04-11 21:01:34
16,rb2210,SHFE,0_0_        3201,空,平今,4893.0,4,2022-04-11 21:01:35
17,rb2210,SHFE,0_0_        3221,空,开,4893.0,4,2022-04-11 21:01:35
18,rb2210,SHFE,0_0_        3269,多,平今,4892.0,2,2022-04-11 21:01:37
19,rb2210,SHFE,0_0_        3339,空,开,4892.0,4,2022-04-11 21:01:43
20,rb2210,SHFE,0_0_        4202,多,平今,4893.0,3,2022-04-11 21:02:04
21,rb2210,SHFE,0_0_        4293,空,开,4894.0,4,2022-04-11 21:02:06
22,rb2210,SHFE,0_0_        4316,多,平今,4894.0,1,2022-04-11 21:02:06
23,rb2210,SHFE,0_0_        6005,多,平今,4892.0,4,2022-04-11 21:02:54
24,rb2210,SHFE,0_0_        6259,空,开,4893.0,2,2022-04-11 21:02:56
25,rb2210,SHFE,0_0_        6557,多,平今,4893.0,2,2022-04-11 21:03:08
26,rb2210,SHFE,0_0_        7031,空,开,4894.0,1,2022-04-11 21:03:11
27,rb2210,SHFE,0_0_        7031,空,开,4894.0,1,2022-04-11 21:03:11
28,rb2210,SHFE,0_0_        7031,空,开,4894.0,1,2022-04-11 21:03:11
29,rb2210,SHFE,0_0_        7319,空,开,4894.0,2,2022-04-11 21:03:14
30,rb2210,SHFE,0_0_        7443,多,平今,4893.0,2,2022-04-11 21:03:14
31,rb2210,SHFE,0_0_        7447,空,开,4894.0,2,2022-04-11 21:03:15
32,rb2210,SHFE,0_0_        8959,多,开,4886.0,4,2022-04-11 21:03:43
33,rb2210,SHFE,0_0_        8222,空,平今,4888.0,1,2022-04-11 21:03:51
34,rb2210,SHFE,0_0_        7610,空,平昨,4893.0,1,2022-04-11 21:04:29
35,rb2210,SHFE,0_0_       12866,多,平今,4892.0,2,2022-04-11 21:04:32
36,rb2210,SHFE,0_0_       13008,空,平今,4893.0,2,2022-04-11 21:04:34
37,rb2210,SHFE,0_0_       13864,多,开,4895.0,4,2022-04-11 21:04:43
38,rb2210,SHFE,0_0_       13864,多,开,4895.0,1,2022-04-11 21:04:43
39,rb2210,SHFE,0_0_       14001,空,平今,4896.0,4,2022-04-11 21:04:43
40,rb2210,SHFE,0_0_       14123,多,开,4895.0,2,2022-04-11 21:04:52
41,rb2210,SHFE,0_0_       14123,多,开,4895.0,2,2022-04-11 21:04:52
42,rb2210,SHFE,0_0_       14551,空,平今,4895.0,1,2022-04-11 21:04:52
43,rb2210,SHFE,0_0_       14551,空,平今,4895.0,1,2022-04-11 21:04:52
44,rb2210,SHFE,0_0_       14551,空,平今,4895.0,1,2022-04-11 21:04:52
45,rb2210,SHFE,0_0_       14551,空,平今,4895.0,1,2022-04-11 21:04:52
46,rb2210,SHFE,0_0_       14551,空,平今,4895.0,2,2022-04-11 21:04:52
47,rb2210,SHFE,0_0_       14515,空,平今,4896.0,1,2022-04-11 21:04:56
48,rb2210,SHFE,0_0_       15004,多,开,4895.0,4,2022-04-11 21:05:05
49,rb2210,SHFE,0_0_       16881,空,平今,4895.0,4,2022-04-11 21:05:05
50,rb2210,SHFE,0_0_       17054,多,开,4896.0,4,2022-04-11 21:05:06
51,rb2210,SHFE,0_0_       30878,多,平今,4886.0,1,2022-04-11 21:06:43
52,rb2210,SHFE,0_0_       30878,多,平今,4886.0,1,2022-04-11 21:06:43
53,rb2210,SHFE,0_0_       30878,多,平今,4886.0,1,2022-04-11 21:06:43
54,rb2210,SHFE,0_0_       44873,空,开,4880.0,2,2022-04-11 21:08:10
55,rb2210,SHFE,0_0_       50769,空,平今,4878.0,3,2022-04-11 21:08:34
56,rb2210,SHFE,0_0_       54894,多,平今,4877.0,1,2022-04-11 21:08:55
57,rb2210,SHFE,0_0_       54894,多,平今,4877.0,1,2022-04-11 21:08:55
58,rb2210,SHFE,0_0_       55009,空,开,4878.0,2,2022-04-11 21:09:03
59,rb2210,SHFE,0_0_       63088,空,开,4876.0,4,2022-04-11 21:09:37
60,rb2210,SHFE,0_0_       65307,多,平今,4875.0,1,2022-04-11 21:09:51
61,rb2210,SHFE,0_0_       74741,空,平今,4876.0,1,2022-04-11 21:10:31
62,rb2210,SHFE,0_0_       77725,多,平今,4879.0,1,2022-04-11 21:10:43
63,rb2210,SHFE,0_0_       76729,多,平今,4877.0,4,2022-04-11 21:11:05
64,rb2210,SHFE,0_0_       82894,多,开,4876.0,3,2022-04-11 21:11:15
65,rb2210,SHFE,0_0_       67909,多,平今,4874.0,2,2022-04-11 21:11:25
66,rb2210,SHFE,0_0_       87403,空,平今,4875.0,2,2022-04-11 21:11:25
67,rb2210,SHFE,0_0_       89474,空,平今,4873.0,1,2022-04-11 21:11:35
68,rb2210,SHFE,0_0_       85492,空,开,4877.0,1,2022-04-11 21:11:43
69,rb2210,SHFE,0_0_       85492,空,开,4877.0,1,2022-04-11 21:11:44
70,rb2210,SHFE,0_0_       85492,空,开,4877.0,1,2022-04-11 21:11:44
71,rb2210,SHFE,0_0_       85492,空,开,4877.0,1,2022-04-11 21:11:44
72,rb2210,SHFE,0_0_       85492,空,开,4877.0,1,2022-04-11 21:11:45
73,rb2210,SHFE,0_0_       85492,空,开,4877.0,1,2022-04-11 21:11:45
74,rb2210,SHFE,0_0_       93668,多,开,4879.0,7,2022-04-11 21:11:50
75,rb2210,SHFE,0_0_       99869,多,平今,4886.0,4,2022-04-11 21:12:19
76,rb2210,SHFE,0_0_       99901,空,平今,4887.0,4,2022-04-11 21:12:19
77,rb2210,SHFE,0_0_       99929,多,开,4886.0,4,2022-04-11 21:12:19
78,rb2210,SHFE,0_0_       99953,空,平今,4887.0,4,2022-04-11 21:12:20
79,rb2210,SHFE,0_0_      119490,多,开,4880.0,4,2022-04-11 21:13:57
80,rb2210,SHFE,0_0_      125264,空,平今,4873.0,1,2022-04-11 21:14:34
81,rb2210,SHFE,0_0_      125535,空,平今,4874.0,3,2022-04-11 21:14:39
82,rb2210,SHFE,0_0_      125971,多,开,4873.000000000001,3,2022-04-11 21:14:51
83,rb2210,SHFE,0_0_      128235,空,平今,4874.0,3,2022-04-11 21:14:53
84,rb2210,SHFE,0_0_      128415,多,平今,4873.0,2,2022-04-11 21:14:56
85,rb2210,SHFE,0_0_      128805,空,平今,4874.0,2,2022-04-11 21:14:58
86,rb2210,SHFE,0_0_      129295,多,开,4873.0,2,2022-04-11 21:14:59
87,rb2210,SHFE,0_0_      129426,空,平今,4874.0,3,2022-04-11 21:15:01
88,rb2210,SHFE,0_0_      129913,多,开,4873.0,3,2022-04-11 21:15:01
89,rb2210,SHFE,0_0_      129930,空,平今,4874.0,3,2022-04-11 21:15:03
90,rb2210,SHFE,0_0_      144976,多,开,4880.0,1,2022-04-11 21:16:26
91,rb2210,SHFE,0_0_      145430,空,平今,4881.0,1,2022-04-11 21:16:26
92,rb2210,SHFE,0_0_      166307,空,开,4883.0,1,2022-04-11 21:18:59
93,rb2210,SHFE,0_0_      164564,多,开,4882.0,2,2022-04-11 21:19:05
94,rb2210,SHFE,0_0_      174948,空,开,4883.000000000001,3,2022-04-11 21:20:04
95,rb2210,SHFE,0_0_      177433,多,开,4885.0,5,2022-04-11 21:20:33
96,rb2210,SHFE,0_0_      177433,多,开,4885.0,1,2022-04-11 21:20:37
97,rb2210,SHFE,0_0_      183328,空,平今,4886.0,1,2022-04-11 21:20:40
98,rb2210,SHFE,0_0_      183328,空,平今,4886.0,1,2022-04-11 21:20:40
99,rb2210,SHFE,0_0_      186261,多,平今,4886.0,1,2022-04-11 21:21:11
100,rb2210,SHFE,0_0_      188390,空,平今,4887.0,1,2022-04-11 21:21:15
101,rb2210,SHFE,0_0_      188390,空,平今,4887.0,1,2022-04-11 21:21:15
102,rb2210,SHFE,0_0_      191435,空,平今,4884.0,2,2022-04-11 21:21:38
103,rb2210,SHFE,0_0_      191935,空,平今,4884.0,2,2022-04-11 21:21:49
104,rb2210,SHFE,0_0_      196505,多,开,4887.0,5,2022-04-11 21:22:11
105,rb2210,SHFE,0_0_      196505,多,开,4887.0,1,2022-04-11 21:22:12
106,rb2210,SHFE,0_0_      196505,多,开,4887.0,1,2022-04-11 21:22:12
107,rb2210,SHFE,0_0_      198207,空,平今,4887.0,3,2022-04-11 21:22:21
108,rb2210,SHFE,0_0_      200563,空,平今,4887.0,1,2022-04-11 21:22:36
109,rb2210,SHFE,0_0_      177138,多,平今,4882.0,3,2022-04-11 21:23:23
110,rb2210,SHFE,0_0_      207216,空,开,4883.0,3,2022-04-11 21:23:24
111,rb2210,SHFE,0_0_      207289,多,平今,4882.0,2,2022-04-11 21:23:27
112,rb2210,SHFE,0_0_      207289,多,平今,4882.0,1,2022-04-11 21:23:27
113,rb2210,SHFE,0_0_      207947,空,开,4883.0,3,2022-04-11 21:23:28
114,rb2210,SHFE,0_0_      215273,空,平今,4880.0,1,2022-04-11 21:24:31
115,rb2210,SHFE,0_0_      215549,多,平今,4879.0,1,2022-04-11 21:24:35
116,rb2210,SHFE,0_0_      215961,空,开,4880.0,1,2022-04-11 21:24:35
117,rb2210,SHFE,0_0_      216152,多,平今,4879.000000000001,1,2022-04-11 21:25:18
118,rb2210,SHFE,0_0_      216152,多,平今,4879.0,2,2022-04-11 21:25:19
119,rb2210,SHFE,0_0_      222733,空,开,4880.0,2,2022-04-11 21:25:44
120,rb2210,SHFE,0_0_      226644,多,平今,4879.0,2,2022-04-11 21:25:44
121,rb2210,SHFE,0_0_      228716,多,开,4880.0,6,2022-04-11 21:26:03
122,rb2210,SHFE,0_0_      230156,空,平今,4880.0,1,2022-04-11 21:26:18
123,rb2210,SHFE,0_0_      231931,空,开,4879.0,4,2022-04-11 21:26:28
124,rb2210,SHFE,0_0_      232287,空,开,4879.0,4,2022-04-11 21:26:31
125,rb2210,SHFE,0_0_      228778,空,平今,4881.0,4,2022-04-11 21:26:58
126,rb2210,SHFE,0_0_      255557,多,平今,4878.0,1,2022-04-11 21:29:45
127,rb2210,SHFE,0_0_      277177,多,平今,4880.0,4,2022-04-11 21:31:51
128,rb2210,SHFE,0_0_      285724,空,平今,4884.0,1,2022-04-11 21:33:00
129,rb2210,SHFE,0_0_      297178,空,平今,4886.0,2,2022-04-11 21:34:36
130,rb2210,SHFE,0_0_      299159,空,开,4886.0,4,2022-04-11 21:34:54
131,rb2210,SHFE,0_0_      300611,多,平今,4885.0,4,2022-04-11 21:35:09
132,rb2210,SHFE,0_0_      286394,多,平今,4883.0,1,2022-04-11 21:35:36
133,rb2210,SHFE,0_0_      308093,空,开,4883.0,2,2022-04-11 21:35:51
134,rb2210,SHFE,0_0_      310123,空,开,4883.0,1,2022-04-11 21:36:07
135,rb2210,SHFE,0_0_      303144,空,开,4886.0,1,2022-04-11 21:37:24
136,rb2210,SHFE,0_0_      337773,多,平今,4889.0,4,2022-04-11 21:38:54
137,rb2210,SHFE,0_0_      338288,空,开,4890.0,4,2022-04-11 21:38:55
138,rb2210,SHFE,0_0_      339859,多,开,4892.000000000001,8,2022-04-11 21:39:03
139,rb2210,SHFE,0_0_      338441,多,平今,4889.0,2,2022-04-11 21:39:36
140,rb2210,SHFE,0_0_      344495,空,平今,4890.0,1,2022-04-11 21:39:36
141,rb2210,SHFE,0_0_      344495,空,平今,4890.0,1,2022-04-11 21:39:37
142,rb2210,SHFE,0_0_      344510,多,平今,4889.0,1,2022-04-11 21:40:24
143,rb2210,SHFE,0_0_      357795,空,平今,4890.0,1,2022-04-11 21:41:24
144,rb2210,SHFE,0_0_      364392,多,平今,4889.0,1,2022-04-11 21:41:25
145,rb2210,SHFE,0_0_      371659,多,平今,4891.0,1,2022-04-11 21:42:16
146,rb2210,SHFE,0_0_      372674,空,平今,4892.0,3,2022-04-11 21:42:19
147,rb2210,SHFE,0_0_      373272,空,开,4892.0,2,2022-04-11 21:42:25
148,rb2210,SHFE,0_0_      374329,空,开,4892.0,2,2022-04-11 21:42:38
149,rb2210,SHFE,0_0_      376282,多,平今,4891.0,1,2022-04-11 21:42:50
150,rb2210,SHFE,0_0_      378198,空,开,4892.0,4,2022-04-11 21:42:51
151,rb2210,SHFE,0_0_      378315,多,平今,4891.0,4,2022-04-11 21:42:58
152,rb2210,SHFE,0_0_      380370,空,开,4891.0,1,2022-04-11 21:43:07
153,rb2210,SHFE,0_0_      380370,空,开,4891.0,1,2022-04-11 21:43:07
154,rb2210,SHFE,0_0_      341825,空,平今,4894.0,1,2022-04-11 21:43:54
155,rb2210,SHFE,0_0_      341825,空,平今,4894.0,1,2022-04-11 21:43:54
156,rb2210,SHFE,0_0_      387436,多,平今,4893.0,2,2022-04-11 21:43:55
157,rb2210,SHFE,0_0_      385838,多,平今,4891.0,1,2022-04-11 21:44:03
158,rb2210,SHFE,0_0_      385838,多,平今,4891.0,1,2022-04-11 21:44:04
159,rb2210,SHFE,0_0_      385838,多,平今,4891.0,1,2022-04-11 21:44:04
160,rb2210,SHFE,0_0_      389819,空,开,4892.0,3,2022-04-11 21:44:11
161,rb2210,SHFE,0_0_      390696,空,开,4891.0,1,2022-04-11 21:44:21
162,rb2210,SHFE,0_0_      383511,多,平今,4890.0,1,2022-04-11 21:44:22
163,rb2210,SHFE,0_0_      395226,多,平今,4889.0,1,2022-04-11 21:44:52
164,rb2210,SHFE,0_0_      418685,多,开,4895.0,4,2022-04-11 21:47:22
165,rb2210,SHFE,0_0_      421027,多,平今,4899.0,2,2022-04-11 21:47:38
166,rb2210,SHFE,0_0_      421892,空,平今,4900.000000000001,2,2022-04-11 21:47:43
167,rb2210,SHFE,0_0_      422219,多,平今,4899.0,1,2022-04-11 21:47:45
168,rb2210,SHFE,0_0_      422263,空,平今,4900.0,1,2022-04-11 21:47:45
169,rb2210,SHFE,0_0_      423958,多,开,4901.0,1,2022-04-11 21:47:57
170,rb2210,SHFE,0_0_      423958,多,开,4901.0,1,2022-04-11 21:47:57
171,rb2210,SHFE,0_0_      425503,空,平今,4902.0,1,2022-04-11 21:48:07
172,rb2210,SHFE,0_0_      425780,多,开,4902.0,1,2022-04-11 21:48:09
173,rb2210,SHFE,0_0_      427756,空,平今,4904.000000000001,1,2022-04-11 21:48:20
174,rb2210,SHFE,0_0_      428950,空,平今,4904.0,2,2022-04-11 21:48:25
175,rb2210,SHFE,0_0_      428021,多,开,4903.0,1,2022-04-11 21:48:25
176,rb2210,SHFE,0_0_      429387,空,平今,4904.0,1,2022-04-11 21:48:25
177,rb2210,SHFE,0_0_      429471,多,开,4903.0,1,2022-04-11 21:48:26
178,rb2210,SHFE,0_0_      432810,多,开,4904.0,2,2022-04-11 21:48:39
179,rb2210,SHFE,0_0_      432984,空,平今,4904.0,3,2022-04-11 21:48:40
180,rb2210,SHFE,0_0_      422321,多,开,4899.0,1,2022-04-11 21:48:53
181,rb2210,SHFE,0_0_      435913,空,平今,4900.0,1,2022-04-11 21:48:53
182,rb2210,SHFE,0_0_      439339,空,开,4896.0,6,2022-04-11 21:49:12
183,rb2210,SHFE,0_0_      441331,多,平今,4897.0,4,2022-04-11 21:49:24
184,rb2210,SHFE,0_0_      442277,空,开,4898.0,1,2022-04-11 21:49:25
185,rb2210,SHFE,0_0_      442277,空,开,4898.0,1,2022-04-11 21:49:25
186,rb2210,SHFE,0_0_      442277,空,开,4898.0,1,2022-04-11 21:49:26
187,rb2210,SHFE,0_0_      442277,空,开,4898.0,1,2022-04-11 21:49:26
188,rb2210,SHFE,0_0_      445902,多,开,4899.0,8,2022-04-11 21:49:56
189,rb2210,SHFE,0_0_      447016,空,平今,4899.0,4,2022-04-11 21:50:01
190,rb2210,SHFE,0_0_      459618,空,平今,4902.0,1,2022-04-11 21:51:11
191,rb2210,SHFE,0_0_      459618,空,平今,4902.0,1,2022-04-11 21:51:12
192,rb2210,SHFE,0_0_      460015,多,平今,4902.0,2,2022-04-11 21:51:20
193,rb2210,SHFE,0_0_      447610,多,平今,4899.0,2,2022-04-11 21:51:43
194,rb2210,SHFE,0_0_      447610,多,平今,4899.0,1,2022-04-11 21:51:43
195,rb2210,SHFE,0_0_      447610,多,平今,4899.0,1,2022-04-11 21:51:44
196,rb2210,SHFE,0_0_      466658,空,开,4900.0,3,2022-04-11 21:51:49
197,rb2210,SHFE,0_0_      469018,空,开,4900.0,3,2022-04-11 21:52:01
198,rb2210,SHFE,0_0_      469018,空,开,4900.0,1,2022-04-11 21:52:02
199,rb2210,SHFE,0_0_      484678,空,平今,4901.0,2,2022-04-11 21:53:38
200,rb2210,SHFE,0_0_      485353,多,平今,4900.0,1,2022-04-11 21:53:38
201,rb2210,SHFE,0_0_      485353,多,平今,4900.0,1,2022-04-11 21:53:38
202,rb2210,SHFE,0_0_      485403,空,开,4901.000000000001,1,2022-04-11 21:53:53
203,rb2210,SHFE,0_0_      485403,空,开,4901.000000000001,1,2022-04-11 21:53:54
204,rb2210,SHFE,0_0_      487761,多,平今,4900.0,1,2022-04-11 21:53:55
205,rb2210,SHFE,0_0_      487968,空,开,4901.0,1,2022-04-11 21:54:33
206,rb2210,SHFE,0_0_      502291,多,平今,4900.0,4,2022-04-11 21:55:22
207,rb2210,SHFE,0_0_      502388,空,开,4900.0,2,2022-04-11 21:55:24
208,rb2210,SHFE,0_0_      510567,多,平今,4901.0,3,2022-04-11 21:56:11
209,rb2210,SHFE,0_0_      513981,空,开,4902.0,1,2022-04-11 21:56:41
210,rb2210,SHFE,0_0_      515487,多,平今,4901.0,1,2022-04-11 21:56:43
211,rb2210,SHFE,0_0_      523358,多,平今,4898.0,1,2022-04-11 21:57:44
212,rb2210,SHFE,0_0_      526038,多,开,4900.0,8,2022-04-11 21:57:58
213,rb2210,SHFE,0_0_      526617,空,平今,4901.0,2,2022-04-11 21:58:03
214,rb2210,SHFE,0_0_      515748,空,开,4902.0,1,2022-04-11 21:58:05
215,rb2210,SHFE,0_0_      534963,空,平今,4908.0,2,2022-04-11 21:58:42
216,rb2210,SHFE,0_0_      539131,空,平今,4906.0,1,2022-04-11 21:59:05
217,rb2210,SHFE,0_0_      556211,多,平今,4912.0,1,2022-04-11 22:00:40
218,rb2210,SHFE,0_0_      556211,多,平今,4912.0,1,2022-04-11 22:00:40
219,rb2210,SHFE,0_0_      556974,空,平今,4912.0,3,2022-04-11 22:00:46
220,rb2210,SHFE,0_0_      557282,多,开,4911.0,3,2022-04-11 22:00:47
221,rb2210,SHFE,0_0_      557404,空,平今,4911.0,1,2022-04-11 22:00:48
222,rb2210,SHFE,0_0_      557838,空,平今,4911.0,1,2022-04-11 22:00:50
223,rb2210,SHFE,0_0_      558106,空,开,4910.0,1,2022-04-11 22:00:52
224,rb2210,SHFE,0_0_      558106,空,开,4910.0,3,2022-04-11 22:00:52
225,rb2210,SHFE,0_0_      558755,空,开,4908.0,1,2022-04-11 22:00:58
226,rb2210,SHFE,0_0_      558755,空,开,4908.0,1,2022-04-11 22:00:58
227,rb2210,SHFE,0_0_      542792,多,开,4906.0,1,2022-04-11 22:01:06
228,rb2210,SHFE,0_0_      533019,多,开,4904.0,1,2022-04-11 22:01:11
229,rb2210,SHFE,0_0_      562153,空,平今,4905.0,1,2022-04-11 22:01:13
230,rb2210,SHFE,0_0_      562584,多,平今,4904.0,3,2022-04-11 22:01:14
231,rb2210,SHFE,0_0_      565566,空,平今,4905.0,1,2022-04-11 22:01:34
232,rb2210,SHFE,0_0_      565925,多,平今,4904.0,1,2022-04-11 22:02:48
233,rb2210,SHFE,0_0_      577690,空,平今,4905.0,1,2022-04-11 22:02:52
234,rb2210,SHFE,0_0_      578266,多,平今,4904.0,1,2022-04-11 22:03:00
235,rb2210,SHFE,0_0_      579364,空,开,4905.0,1,2022-04-11 22:03:00
236,rb2210,SHFE,0_0_      579375,多,平今,4904.0,1,2022-04-11 22:03:00
237,rb2210,SHFE,0_0_      579376,空,开,4905.0,1,2022-04-11 22:03:01
238,rb2210,SHFE,0_0_      581519,多,平今,4907.0,1,2022-04-11 22:03:18
239,rb2210,SHFE,0_0_      585502,空,开,4907.000000000001,1,2022-04-11 22:03:54
240,rb2210,SHFE,0_0_      585502,空,开,4907.000000000001,1,2022-04-11 22:03:54
241,rb2210,SHFE,0_0_      600266,空,开,4909.0,1,2022-04-11 22:05:50
242,rb2210,SHFE,0_0_      601214,多,平今,4908.0,1,2022-04-11 22:05:51
243,rb2210,SHFE,0_0_      600053,空,开,4910.0,2,2022-04-11 22:06:14
244,rb2210,SHFE,0_0_      600053,空,开,4910.0,2,2022-04-11 22:06:15
245,rb2210,SHFE,0_0_      604801,多,平今,4909.0,1,2022-04-11 22:06:34
246,rb2210,SHFE,0_0_      604801,多,平今,4909.0,1,2022-04-11 22:06:34
247,rb2210,SHFE,0_0_      609230,空,开,4910.0,1,2022-04-11 22:06:51
248,rb2210,SHFE,0_0_      609374,空,开,4910.0,1,2022-04-11 22:06:51
249,rb2210,SHFE,0_0_      612315,多,开,4915.0,8,2022-04-11 22:07:07
250,rb2210,SHFE,0_0_      612902,空,平今,4915.0,2,2022-04-11 22:07:21
251,rb2210,SHFE,0_0_      612902,空,平今,4915.0,2,2022-04-11 22:07:21
252,rb2210,SHFE,0_0_      614369,多,平今,4913.0,1,2022-04-11 22:07:27
253,rb2210,SHFE,0_0_      611640,多,平今,4912.0,1,2022-04-11 22:07:31
254,rb2210,SHFE,0_0_      611640,多,平今,4912.0,1,2022-04-11 22:07:31
255,rb2210,SHFE,0_0_      615589,空,开,4914.0,1,2022-04-11 22:07:40
256,rb2210,SHFE,0_0_      615676,空,开,4914.0,1,2022-04-11 22:07:40
257,rb2210,SHFE,0_0_      617787,多,平今,4913.0,1,2022-04-11 22:07:42
258,rb2210,SHFE,0_0_      617787,多,平今,4913.0,1,2022-04-11 22:07:42
259,rb2210,SHFE,0_0_      619048,多,开,4913.0,2,2022-04-11 22:07:51
260,rb2210,SHFE,0_0_      619048,多,开,4913.0,1,2022-04-11 22:07:51
261,rb2210,SHFE,0_0_      619626,空,开,4912.0,3,2022-04-11 22:07:54
262,rb2210,SHFE,0_0_      619275,空,平今,4914.0,3,2022-04-11 22:08:00
263,rb2210,SHFE,0_0_      620359,多,平今,4913.0,1,2022-04-11 22:08:00
264,rb2210,SHFE,0_0_      620359,多,平今,4913.0,1,2022-04-11 22:08:00
265,rb2210,SHFE,0_0_      620359,多,平今,4913.0,1,2022-04-11 22:08:00
266,rb2210,SHFE,0_0_      612606,空,平今,4917.0,1,2022-04-11 22:08:11
267,rb2210,SHFE,0_0_      612606,空,平今,4917.0,3,2022-04-11 22:08:11
268,rb2210,SHFE,0_0_      623880,多,开,4916.0,4,2022-04-11 22:08:13
269,rb2210,SHFE,0_0_      623093,多,开,4915.0,4,2022-04-11 22:08:15
270,rb2210,SHFE,0_0_      624617,空,平今,4916.0,4,2022-04-11 22:08:16
271,rb2210,SHFE,0_0_      624617,空,平今,4916.0,4,2022-04-11 22:08:16
272,rb2210,SHFE,0_0_      624774,多,开,4916.0,4,2022-04-11 22:08:17
273,rb2210,SHFE,0_0_      624774,多,开,4916.0,1,2022-04-11 22:08:17
274,rb2210,SHFE,0_0_      624774,多,开,4916.0,3,2022-04-11 22:08:17
275,rb2210,SHFE,0_0_      624647,多,平今,4915.0,2,2022-04-11 22:08:18
276,rb2210,SHFE,0_0_      625127,空,平今,4916.0,4,2022-04-11 22:08:19
277,rb2210,SHFE,0_0_      625228,空,开,4916.0,3,2022-04-11 22:08:21
278,rb2210,SHFE,0_0_      625228,空,开,4916.0,1,2022-04-11 22:08:21
279,rb2210,SHFE,0_0_      625481,空,开,4916.0,1,2022-04-11 22:08:22
280,rb2210,SHFE,0_0_      625730,空,开,4916.0,1,2022-04-11 22:08:24
281,rb2210,SHFE,0_0_      624927,空,平今,4917.0,4,2022-04-11 22:08:26
282,rb2210,SHFE,0_0_      627160,多,平今,4915.0,1,2022-04-11 22:08:38
283,rb2210,SHFE,0_0_      627160,多,平今,4915.0,1,2022-04-11 22:08:38
284,rb2210,SHFE,0_0_      627160,多,平今,4915.0,1,2022-04-11 22:08:38
285,rb2210,SHFE,0_0_      627160,多,平今,4915.0,1,2022-04-11 22:08:38
286,rb2210,SHFE,0_0_      629307,多,开,4916.0,1,2022-04-11 22:08:41
287,rb2210,SHFE,0_0_      629307,多,开,4916.0,1,2022-04-11 22:08:41
288,rb2210,SHFE,0_0_      629307,多,开,4916.0,1,2022-04-11 22:08:41
289,rb2210,SHFE,0_0_      629307,多,开,4916.0,1,2022-04-11 22:08:41
290,rb2210,SHFE,0_0_      629307,多,开,4916.0,4,2022-04-11 22:08:41
291,rb2210,SHFE,0_0_      629422,空,平今,4916.0,2,2022-04-11 22:08:45
292,rb2210,SHFE,0_0_      629422,空,平今,4916.0,1,2022-04-11 22:08:45
293,rb2210,SHFE,0_0_      629422,空,平今,4916.0,1,2022-04-11 22:08:45
294,rb2210,SHFE,0_0_      629778,空,平今,4915.0,4,2022-04-11 22:08:49
295,rb2210,SHFE,0_0_      630063,多,平今,4914.0,1,2022-04-11 22:08:49
296,rb2210,SHFE,0_0_      630063,多,平今,4914.0,1,2022-04-11 22:08:49
297,rb2210,SHFE,0_0_      630080,多,开,4914.0,2,2022-04-11 22:08:50
298,rb2210,SHFE,0_0_      633984,多,开,4918.0,2,2022-04-11 22:09:16
299,rb2210,SHFE,0_0_      636624,空,平今,4917.0,1,2022-04-11 22:09:27
300,rb2210,SHFE,0_0_      642252,多,开,4918.0,1,2022-04-11 22:10:00
301,rb2210,SHFE,0_0_      643090,空,平今,4919.0,1,2022-04-11 22:10:07
302,rb2210,SHFE,0_0_      643090,空,平今,4919.0,3,2022-04-11 22:10:07
303,rb2210,SHFE,0_0_      643514,多,开,4918.0,4,2022-04-11 22:10:08
304,rb2210,SHFE,0_0_      643792,空,平今,4919.0,2,2022-04-11 22:10:09
305,rb2210,SHFE,0_0_      643958,空,平今,4919.0,1,2022-04-11 22:10:10
306,rb2210,SHFE,0_0_      644115,多,开,4918.0,4,2022-04-11 22:10:11
307,rb2210,SHFE,0_0_      644824,多,平今,4918.0,1,2022-04-11 22:10:17
308,rb2210,SHFE,0_0_      645975,多,平今,4918.0,1,2022-04-11 22:10:20
309,rb2210,SHFE,0_0_      631717,多,开,4915.0,2,2022-04-11 22:10:31
310,rb2210,SHFE,0_0_      648249,空,开,4916.0,8,2022-04-11 22:10:32
311,rb2210,SHFE,0_0_      648759,空,平今,4916.0,3,2022-04-11 22:10:38
312,rb2210,SHFE,0_0_      648759,空,平今,4916.0,1,2022-04-11 22:10:39
313,rb2210,SHFE,0_0_      649011,多,平今,4915.0,2,2022-04-11 22:10:47
314,rb2210,SHFE,0_0_      658870,多,平今,4916.0,1,2022-04-11 22:11:56
315,rb2210,SHFE,0_0_      658870,多,平今,4916.0,1,2022-04-11 22:11:56
316,rb2210,SHFE,0_0_      658870,多,平今,4916.0,1,2022-04-11 22:11:56
317,rb2210,SHFE,0_0_      658870,多,平今,4916.0,1,2022-04-11 22:11:57
318,rb2210,SHFE,0_0_      659865,多,开,4916.0,1,2022-04-11 22:12:02
319,rb2210,SHFE,0_0_      659865,多,开,4916.0,1,2022-04-11 22:12:02
320,rb2210,SHFE,0_0_      659865,多,开,4916.0,2,2022-04-11 22:12:03
321,rb2210,SHFE,0_0_      662738,空,平今,4915.0,1,2022-04-11 22:12:20
322,rb2210,SHFE,0_0_      663679,空,平今,4914.0,4,2022-04-11 22:12:25
323,rb2210,SHFE,0_0_      663943,空,平今,4914.0,2,2022-04-11 22:12:29
324,rb2210,SHFE,0_0_      669795,多,开,4919.0,4,2022-04-11 22:13:08
325,rb2210,SHFE,0_0_      671118,多,平今,4918.0,1,2022-04-11 22:13:25
326,rb2210,SHFE,0_0_      671134,多,开,4918.0,4,2022-04-11 22:13:26
327,rb2210,SHFE,0_0_      676157,空,平今,4920.0,3,2022-04-11 22:14:20
328,rb2210,SHFE,0_0_      680083,空,平今,4920.0,1,2022-04-11 22:14:29
329,rb2210,SHFE,0_0_      680083,空,平今,4920.0,1,2022-04-11 22:14:29
330,rb2210,SHFE,0_0_      680083,空,平今,4920.0,1,2022-04-11 22:14:30
331,rb2210,SHFE,0_0_      681365,空,平今,4919.0,2,2022-04-11 22:14:34
332,rb2210,SHFE,0_0_      681449,多,开,4919.0,4,2022-04-11 22:14:35
333,rb2210,SHFE,0_0_      681492,多,开,4919.0,1,2022-04-11 22:14:36
334,rb2210,SHFE,0_0_      681492,多,开,4919.0,1,2022-04-11 22:14:36
335,rb2210,SHFE,0_0_      681932,空,开,4919.0,7,2022-04-11 22:14:40
336,rb2210,SHFE,0_0_      681959,多,平今,4919.0,1,2022-04-11 22:14:41
337,rb2210,SHFE,0_0_      681981,多,平今,4919.0,4,2022-04-11 22:14:41
338,rb2210,SHFE,0_0_      681989,多,平今,4919.0,2,2022-04-11 22:14:45
339,rb2210,SHFE,0_0_      682082,多,平今,4919.0,1,2022-04-11 22:14:45
340,rb2210,SHFE,0_0_      688224,空,开,4915.0,8,2022-04-11 22:15:17
341,rb2210,SHFE,0_0_      688544,空,平今,4915.0,1,2022-04-11 22:15:19
342,rb2210,SHFE,0_0_      689659,多,平今,4915.0,1,2022-04-11 22:15:29
343,rb2210,SHFE,0_0_      690091,空,平今,4915.0,1,2022-04-11 22:16:03
344,rb2210,SHFE,0_0_      692944,多,平今,4914.0,1,2022-04-11 22:16:04
345,rb2210,SHFE,0_0_      693107,空,平今,4914.0,1,2022-04-11 22:16:05
346,rb2210,SHFE,0_0_      693107,空,平今,4914.0,1,2022-04-11 22:16:05
347,rb2210,SHFE,0_0_      695850,多,平今,4911.0,1,2022-04-11 22:16:26
348,rb2210,SHFE,0_0_      695850,多,平今,4911.0,1,2022-04-11 22:16:26
349,rb2210,SHFE,0_0_      695987,多,平今,4911.0,1,2022-04-11 22:16:27
350,rb2210,SHFE,0_0_      695987,多,平今,4911.0,2,2022-04-11 22:16:28
351,rb2210,SHFE,0_0_      695987,多,平今,4911.0,1,2022-04-11 22:16:28
352,rb2210,SHFE,0_0_      696658,空,开,4911.0,1,2022-04-11 22:16:35
353,rb2210,SHFE,0_0_      696658,空,开,4911.0,1,2022-04-11 22:16:35
354,rb2210,SHFE,0_0_      696658,空,开,4911.0,1,2022-04-11 22:16:35
355,rb2210,SHFE,0_0_      696803,空,平今,4911.0,2,2022-04-11 22:16:39
356,rb2210,SHFE,0_0_      696970,多,平今,4910.0,2,2022-04-11 22:16:39
357,rb2210,SHFE,0_0_      696973,空,开,4911.0,2,2022-04-11 22:16:44
358,rb2210,SHFE,0_0_      697793,多,开,4910.0,5,2022-04-11 22:16:46
359,rb2210,SHFE,0_0_      698136,空,平今,4911.0,1,2022-04-11 22:16:50
360,rb2210,SHFE,0_0_      698514,多,平今,4910.000000000001,2,2022-04-11 22:16:51
361,rb2210,SHFE,0_0_      699175,多,开,4910.0,2,2022-04-11 22:16:57
362,rb2210,SHFE,0_0_      699532,空,平今,4911.0,2,2022-04-11 22:16:57
363,rb2210,SHFE,0_0_      702462,空,平今,4911.0,2,2022-04-11 22:18:04
364,rb2210,SHFE,0_0_      702462,空,平今,4911.0,2,2022-04-11 22:18:04
365,rb2210,SHFE,0_0_      724614,空,开,4915.0,2,2022-04-11 22:19:54
366,rb2210,SHFE,0_0_      747311,多,平今,4913.000000000001,3,2022-04-11 22:22:34
367,rb2210,SHFE,0_0_      748294,空,开,4914.0,3,2022-04-11 22:22:36
368,rb2210,SHFE,0_0_      749636,多,开,4917.0,1,2022-04-11 22:22:42
369,rb2210,SHFE,0_0_      749636,多,开,4917.0,1,2022-04-11 22:22:42
370,rb2210,SHFE,0_0_      751972,空,平今,4917.0,1,2022-04-11 22:23:03
371,rb2210,SHFE,0_0_      753848,空,平今,4918.0,1,2022-04-11 22:23:12
372,rb2210,SHFE,0_0_      754900,多,开,4918.0,1,2022-04-11 22:23:59
373,rb2210,SHFE,0_0_      757471,空,开,4920.0,1,2022-04-11 22:24:00
374,rb2210,SHFE,0_0_      758321,多,开,4919.0,3,2022-04-11 22:24:01
375,rb2210,SHFE,0_0_      754900,多,开,4918.0,1,2022-04-11 22:24:07
376,rb2210,SHFE,0_0_      754900,多,开,4918.0,1,2022-04-11 22:24:07
377,rb2210,SHFE,0_0_      754900,多,开,4918.0,1,2022-04-11 22:24:07
378,rb2210,SHFE,0_0_      759081,空,平今,4919.0,1,2022-04-11 22:24:09
379,rb2210,SHFE,0_0_      759291,空,平今,4919.0,1,2022-04-11 22:24:13
380,rb2210,SHFE,0_0_      759412,空,平今,4919.0,1,2022-04-11 22:24:17
381,rb2210,SHFE,0_0_      760919,多,开,4921.0,1,2022-04-11 22:24:30
382,rb2210,SHFE,0_0_      760919,多,开,4921.0,2,2022-04-11 22:24:31
383,rb2210,SHFE,0_0_      761632,空,平今,4921.0,2,2022-04-11 22:24:40
384,rb2210,SHFE,0_0_      761711,空,平今,4921.0,3,2022-04-11 22:24:44
385,rb2210,SHFE,0_0_      762291,空,平今,4921.0,1,2022-04-11 22:24:47
386,rb2210,SHFE,0_0_      763417,多,开,4920.0,2,2022-04-11 22:24:55
387,rb2210,SHFE,0_0_      763417,多,开,4920.0,1,2022-04-11 22:24:55
388,rb2210,SHFE,0_0_      763477,多,开,4920.0,4,2022-04-11 22:24:59
389,rb2210,SHFE,0_0_      763773,空,平今,4921.0,5,2022-04-11 22:25:06
390,rb2210,SHFE,0_0_      764747,多,平今,4921.0,1,2022-04-11 22:25:06
391,rb2210,SHFE,0_0_      764843,空,平今,4921.0,2,2022-04-11 22:25:08
392,rb2210,SHFE,0_0_      768494,多,平今,4923.0,2,2022-04-11 22:25:28
393,rb2210,SHFE,0_0_      769521,多,平今,4924.0,1,2022-04-11 22:25:39
394,rb2210,SHFE,0_0_      772264,空,开,4926.0,4,2022-04-11 22:26:05
395,rb2210,SHFE,0_0_      772435,多,平今,4926.0,1,2022-04-11 22:26:07
396,rb2210,SHFE,0_0_      772433,多,平今,4925.0,3,2022-04-11 22:26:13
397,rb2210,SHFE,0_0_      773577,空,开,4925.0,2,2022-04-11 22:26:21
398,rb2210,SHFE,0_0_      773746,多,平今,4924.0,1,2022-04-11 22:26:25
399,rb2210,SHFE,0_0_      773746,多,平今,4924.0,1,2022-04-11 22:26:25
400,rb2210,SHFE,0_0_      768548,多,开,4923.0,1,2022-04-11 22:26:27
401,rb2210,SHFE,0_0_      768548,多,开,4923.0,2,2022-04-11 22:26:27
402,rb2210,SHFE,0_0_      774425,空,开,4925.0,4,2022-04-11 22:26:35
403,rb2210,SHFE,0_0_      773846,空,开,4926.0,2,2022-04-11 22:26:35
404,rb2210,SHFE,0_0_      775579,多,平今,4924.0,4,2022-04-11 22:26:35
405,rb2210,SHFE,0_0_      775639,空,平今,4925.0,1,2022-04-11 22:26:35
406,rb2210,SHFE,0_0_      775639,空,平今,4925.0,1,2022-04-11 22:26:35
407,rb2210,SHFE,0_0_      775639,空,平今,4925.0,1,2022-04-11 22:26:35
408,rb2210,SHFE,0_0_      775639,空,平今,4925.0,1,2022-04-11 22:26:35
409,rb2210,SHFE,0_0_      775716,多,平今,4925.0,1,2022-04-11 22:26:36
410,rb2210,SHFE,0_0_      775716,多,平今,4925.0,1,2022-04-11 22:26:36
411,rb2210,SHFE,0_0_      776241,空,开,4926.0,1,2022-04-11 22:26:48
412,rb2210,SHFE,0_0_      776241,空,开,4926.0,1,2022-04-11 22:26:48
413,rb2210,SHFE,0_0_      777509,多,平今,4925.0,1,2022-04-11 22:26:59
414,rb2210,SHFE,0_0_      777509,多,平今,4925.0,1,2022-04-11 22:26:59
415,rb2210,SHFE,0_0_      778816,空,开,4926.0,2,2022-04-11 22:27:06
416,rb2210,SHFE,0_0_      779281,空,开,4926.0,1,2022-04-11 22:27:06
417,rb2210,SHFE,0_0_      779356,多,平今,4925.0,3,2022-04-11 22:27:08
418,rb2210,SHFE,0_0_      783988,空,开,4930.0,3,2022-04-11 22:27:56
419,rb2210,SHFE,0_0_      784636,多,平今,4931.000000000001,2,2022-04-11 22:28:02
420,rb2210,SHFE,0_0_      784815,多,开,4932.0,1,2022-04-11 22:28:04
421,rb2210,SHFE,0_0_      784815,多,开,4932.0,2,2022-04-11 22:28:04
422,rb2210,SHFE,0_0_      784815,多,开,4932.0,1,2022-04-11 22:28:04
423,rb2210,SHFE,0_0_      785844,空,平今,4930.0,4,2022-04-11 22:28:13
424,rb2210,SHFE,0_0_      786226,空,开,4929.0,1,2022-04-11 22:28:16
425,rb2210,SHFE,0_0_      787868,多,开,4928.0,4,2022-04-11 22:28:28
426,rb2210,SHFE,0_0_      787945,空,平今,4929.0,1,2022-04-11 22:28:28
427,rb2210,SHFE,0_0_      787998,多,平今,4928.0,2,2022-04-11 22:28:30
428,rb2210,SHFE,0_0_      788133,空,平今,4929.0,3,2022-04-11 22:28:31
429,rb2210,SHFE,0_0_      788145,多,开,4928.0,2,2022-04-11 22:28:33
430,rb2210,SHFE,0_0_      788145,多,开,4928.0,1,2022-04-11 22:28:33
431,rb2210,SHFE,0_0_      788917,空,平今,4929.0,2,2022-04-11 22:28:38
432,rb2210,SHFE,0_0_      789534,多,开,4928.0,1,2022-04-11 22:28:40
433,rb2210,SHFE,0_0_      790321,多,开,4929.0,1,2022-04-11 22:28:44
434,rb2210,SHFE,0_0_      790664,空,平今,4929.0,1,2022-04-11 22:28:48
435,rb2210,SHFE,0_0_      790822,多,开,4929.0,2,2022-04-11 22:28:50
436,rb2210,SHFE,0_0_      790918,空,平今,4929.0,1,2022-04-11 22:28:51
437,rb2210,SHFE,0_0_      790918,空,平今,4929.0,1,2022-04-11 22:28:51
438,rb2210,SHFE,0_0_      790918,空,平今,4929.0,1,2022-04-11 22:28:51
439,rb2210,SHFE,0_0_      792546,多,开,4930.0,1,2022-04-11 22:29:08
440,rb2210,SHFE,0_0_      794905,空,平今,4928.0,1,2022-04-11 22:29:27
441,rb2210,SHFE,0_0_      795375,空,开,4927.0,3,2022-04-11 22:29:31
442,rb2210,SHFE,0_0_      795384,多,平今,4926.0,3,2022-04-11 22:29:32
443,rb2210,SHFE,0_0_      795494,多,开,4926.0,1,2022-04-11 22:29:34
444,rb2210,SHFE,0_0_      795636,空,平今,4927.0,1,2022-04-11 22:29:36
445,rb2210,SHFE,0_0_      795988,多,开,4926.0,1,2022-04-11 22:29:48
446,rb2210,SHFE,0_0_      797375,空,平今,4927.0,1,2022-04-11 22:29:48
447,rb2210,SHFE,0_0_      798344,空,平今,4929.0,1,2022-04-11 22:29:58
448,rb2210,SHFE,0_0_      798704,多,开,4928.0,1,2022-04-11 22:30:00
449,rb2210,SHFE,0_0_      798792,空,平今,4929.0,1,2022-04-11 22:30:00
450,rb2210,SHFE,0_0_      798939,多,开,4928.0,1,2022-04-11 22:30:00
451,rb2210,SHFE,0_0_      797387,多,开,4926.0,3,2022-04-11 22:30:03
452,rb2210,SHFE,0_0_      800290,空,平今,4926.0,1,2022-04-11 22:30:11
453,rb2210,SHFE,0_0_      775648,多,开,4924.0,1,2022-04-11 22:30:13
454,rb2210,SHFE,0_0_      775648,多,开,4924.0,1,2022-04-11 22:30:13
455,rb2210,SHFE,0_0_      775648,多,开,4924.0,1,2022-04-11 22:30:13
456,rb2210,SHFE,0_0_      775648,多,开,4924.0,1,2022-04-11 22:30:13
457,rb2210,SHFE,0_0_      801614,空,平今,4925.0,5,2022-04-11 22:30:17
458,rb2210,SHFE,0_0_      801614,空,平今,4925.0,1,2022-04-11 22:30:17
459,rb2210,SHFE,0_0_      801894,多,开,4924.0,1,2022-04-11 22:30:19
460,rb2210,SHFE,0_0_      802078,多,开,4924.0,1,2022-04-11 22:30:19
461,rb2210,SHFE,0_0_      802154,空,开,4925.0,1,2022-04-11 22:30:21
462,rb2210,SHFE,0_0_      802154,空,开,4925.0,1,2022-04-11 22:30:21
463,rb2210,SHFE,0_0_      802154,空,开,4925.0,1,2022-04-11 22:30:21
464,rb2210,SHFE,0_0_      802498,多,平今,4924.0,1,2022-04-11 22:30:21
465,rb2210,SHFE,0_0_      802498,多,平今,4924.0,1,2022-04-11 22:30:21
466,rb2210,SHFE,0_0_      802498,多,平今,4924.0,1,2022-04-11 22:30:21
467,rb2210,SHFE,0_0_      802595,空,开,4925.0,1,2022-04-11 22:30:25
468,rb2210,SHFE,0_0_      802595,空,开,4925.0,1,2022-04-11 22:30:25
469,rb2210,SHFE,0_0_      802595,空,开,4925.0,1,2022-04-11 22:30:25
470,rb2210,SHFE,0_0_      805371,多,平今,4924.0,1,2022-04-11 22:30:43
471,rb2210,SHFE,0_0_      805774,空,平今,4925.0,1,2022-04-11 22:30:48
472,rb2210,SHFE,0_0_      806620,多,平今,4924.0,1,2022-04-11 22:30:48
473,rb2210,SHFE,0_0_      811545,多,开,4922.0,2,2022-04-11 22:31:23
474,rb2210,SHFE,0_0_      812114,空,开,4923.0,4,2022-04-11 22:31:41
475,rb2210,SHFE,0_0_      814109,多,平今,4923.0,3,2022-04-11 22:31:42
476,rb2210,SHFE,0_0_      817833,空,开,4923.0,1,2022-04-11 22:32:04
477,rb2210,SHFE,0_0_      817833,空,开,4923.0,1,2022-04-11 22:32:04
478,rb2210,SHFE,0_0_      817833,空,开,4923.0,2,2022-04-11 22:32:04
479,rb2210,SHFE,0_0_      817833,空,开,4923.0,1,2022-04-11 22:32:04
480,rb2210,SHFE,0_0_      822418,多,平今,4923.0,1,2022-04-11 22:32:48
481,rb2210,SHFE,0_0_      830310,多,平今,4920.0,3,2022-04-11 22:33:54
482,rb2210,SHFE,0_0_      827393,空,平今,4922.0,1,2022-04-11 22:34:33
483,rb2210,SHFE,0_0_      835470,多,平今,4921.0,1,2022-04-11 22:34:33
484,rb2210,SHFE,0_0_      838215,多,开,4925.000000000001,2,2022-04-11 22:34:55
485,rb2210,SHFE,0_0_      838215,多,开,4925.000000000001,2,2022-04-11 22:34:55
486,rb2210,SHFE,0_0_      838228,空,平今,4926.000000000001,4,2022-04-11 22:35:00
487,rb2210,SHFE,0_0_      838711,多,开,4926.0,1,2022-04-11 22:35:02
488,rb2210,SHFE,0_0_      838711,多,开,4926.0,1,2022-04-11 22:35:03
489,rb2210,SHFE,0_0_      838711,多,开,4926.0,2,2022-04-11 22:35:03
490,rb2210,SHFE,0_0_      840170,多,平今,4926.0,1,2022-04-11 22:35:09
491,rb2210,SHFE,0_0_      840356,空,平今,4926.0,4,2022-04-11 22:35:11
492,rb2210,SHFE,0_0_      840476,多,开,4925.0,4,2022-04-11 22:35:11
493,rb2210,SHFE,0_0_      840490,空,平今,4926.0,2,2022-04-11 22:35:12
494,rb2210,SHFE,0_0_      840490,空,平今,4926.0,1,2022-04-11 22:35:12
495,rb2210,SHFE,0_0_      840490,空,平今,4926.0,1,2022-04-11 22:35:13
496,rb2210,SHFE,0_0_      855431,多,开,4921.0,2,2022-04-11 22:37:24
497,rb2210,SHFE,0_0_      855438,空,平今,4922.0,1,2022-04-11 22:37:32
498,rb2210,SHFE,0_0_      855438,空,平今,4922.0,1,2022-04-11 22:37:32
499,rb2210,SHFE,0_0_      856124,空,平今,4922.0,2,2022-04-11 22:37:35
500,rb2210,SHFE,0_0_      841020,空,开,4926.0,4,2022-04-11 22:37:56
501,rb2210,SHFE,0_0_      867241,多,平今,4924.0,1,2022-04-11 22:39:04
502,rb2210,SHFE,0_0_      867241,多,平今,4924.0,1,2022-04-11 22:39:04
503,rb2210,SHFE,0_0_      867241,多,平今,4924.0,1,2022-04-11 22:39:05
504,rb2210,SHFE,0_0_      870074,空,开,4925.0,3,2022-04-11 22:39:26
505,rb2210,SHFE,0_0_      870099,多,平今,4924.0,2,2022-04-11 22:39:26
506,rb2210,SHFE,0_0_      870235,空,开,4924.0,3,2022-04-11 22:39:27
507,rb2210,SHFE,0_0_      874685,多,平今,4927.0,1,2022-04-11 22:40:05
508,rb2210,SHFE,0_0_      875372,空,平今,4928.0,1,2022-04-11 22:40:55
509,rb2210,SHFE,0_0_      880711,多,平今,4927.000000000001,1,2022-04-11 22:41:08
510,rb2210,SHFE,0_0_      881547,空,开,4928.0,2,2022-04-11 22:41:08
511,rb2210,SHFE,0_0_      881863,多,平今,4929.0,3,2022-04-11 22:41:13
512,rb2210,SHFE,0_0_      882277,空,开,4929.0,4,2022-04-11 22:41:21
513,rb2210,SHFE,0_0_      883583,多,平今,4928.0,2,2022-04-11 22:41:58
514,rb2210,SHFE,0_0_      886619,多,开,4929.0,6,2022-04-11 22:41:59
515,rb2210,SHFE,0_0_      883583,多,平今,4928.0,2,2022-04-11 22:42:07
516,rb2210,SHFE,0_0_      881586,多,平今,4927.0,2,2022-04-11 22:42:18
517,rb2210,SHFE,0_0_      889424,空,平今,4928.0,1,2022-04-11 22:42:19
518,rb2210,SHFE,0_0_      889465,空,开,4928.0,2,2022-04-11 22:42:31
519,rb2210,SHFE,0_0_      890787,空,开,4928.0,3,2022-04-11 22:42:35
520,rb2210,SHFE,0_0_      890943,多,平今,4927.0,3,2022-04-11 22:42:50
521,rb2210,SHFE,0_0_      891885,空,开,4928.0,3,2022-04-11 22:42:51
522,rb2210,SHFE,0_0_      891901,多,平今,4927.000000000001,3,2022-04-11 22:43:00
523,rb2210,SHFE,0_0_      893044,空,开,4928.0,4,2022-04-11 22:44:12
524,rb2210,SHFE,0_0_      902845,多,平今,4926.0,4,2022-04-11 22:44:30
525,rb2210,SHFE,0_0_      903967,空,开,4926.0,3,2022-04-11 22:44:55
526,rb2210,SHFE,0_0_      906467,多,平今,4926.0,4,2022-04-11 22:44:56
527,rb2210,SHFE,0_0_      906606,多,平今,4926.0,1,2022-04-11 22:44:59
528,rb2210,SHFE,0_0_      907534,空,开,4927.0,7,2022-04-11 22:45:06
529,rb2210,SHFE,0_0_      908147,空,平今,4927.0,1,2022-04-11 22:46:03
530,rb2210,SHFE,0_0_      912636,多,平今,4926.0,1,2022-04-11 22:46:17
531,rb2210,SHFE,0_0_      912636,多,平今,4926.0,2,2022-04-11 22:46:17
532,rb2210,SHFE,0_0_      912636,多,平今,4926.0,1,2022-04-11 22:46:17
533,rb2210,SHFE,0_0_      889075,空,平今,4929.0,1,2022-04-11 22:46:55
534,rb2210,SHFE,0_0_      889075,空,平今,4929.0,1,2022-04-11 22:46:55
535,rb2210,SHFE,0_0_      889075,空,平今,4929.0,1,2022-04-11 22:46:55
536,rb2210,SHFE,0_0_      889075,空,平今,4929.0,1,2022-04-11 22:46:55
537,rb2210,SHFE,0_0_      921600,多,平今,4930.0,1,2022-04-11 22:47:13
538,rb2210,SHFE,0_0_      921600,多,平今,4930.0,2,2022-04-11 22:47:13
539,rb2210,SHFE,0_0_      921600,多,平今,4930.0,1,2022-04-11 22:47:13
540,rb2210,SHFE,0_0_      921881,空,开,4931.0,3,2022-04-11 22:47:17
541,rb2210,SHFE,0_0_      921881,空,开,4931.0,1,2022-04-11 22:47:17
542,rb2210,SHFE,0_0_      922770,空,开,4931.0,2,2022-04-11 22:47:22
543,rb2210,SHFE,0_0_      928358,多,平今,4932.0,4,2022-04-11 22:48:05
544,rb2210,SHFE,0_0_      929812,多,开,4937.0,4,2022-04-11 22:48:14
545,rb2210,SHFE,0_0_      930247,空,平今,4938.0,2,2022-04-11 22:48:15
546,rb2210,SHFE,0_0_      930247,空,平今,4938.0,2,2022-04-11 22:48:15
547,rb2210,SHFE,0_0_      930299,多,开,4937.0,2,2022-04-11 22:48:15
548,rb2210,SHFE,0_0_      930299,多,开,4937.0,2,2022-04-11 22:48:15
549,rb2210,SHFE,0_0_      930302,空,平今,4938.0,4,2022-04-11 22:48:16
550,rb2210,SHFE,0_0_      930420,多,开,4937.0,8,2022-04-11 22:48:18
551,rb2210,SHFE,0_0_      938581,空,平今,4941.0,3,2022-04-11 22:49:04
552,rb2210,SHFE,0_0_      938581,空,平今,4941.0,1,2022-04-11 22:49:04
553,rb2210,SHFE,0_0_      938687,空,开,4941.0,1,2022-04-11 22:49:05
554,rb2210,SHFE,0_0_      938687,空,开,4941.0,2,2022-04-11 22:49:05
555,rb2210,SHFE,0_0_      938687,空,开,4941.0,1,2022-04-11 22:49:05
556,rb2210,SHFE,0_0_      933445,空,平今,4943.0,1,2022-04-11 22:49:10
557,rb2210,SHFE,0_0_      939567,多,平今,4942.0,2,2022-04-11 22:49:14
558,rb2210,SHFE,0_0_      939988,多,平今,4941.0,1,2022-04-11 22:49:16
559,rb2210,SHFE,0_0_      939988,多,平今,4941.0,1,2022-04-11 22:49:16
560,rb2210,SHFE,0_0_      939988,多,平今,4941.0,2,2022-04-11 22:49:17
561,rb2210,SHFE,0_0_      940201,空,平今,4942.0,1,2022-04-11 22:49:24
562,rb2210,SHFE,0_0_      940201,空,平今,4942.0,1,2022-04-11 22:49:24
563,rb2210,SHFE,0_0_      941140,多,开,4941.0,2,2022-04-11 22:49:28
564,rb2210,SHFE,0_0_      941892,空,开,4941.000000000001,3,2022-04-11 22:49:33
565,rb2210,SHFE,0_0_      941892,空,开,4941.0,1,2022-04-11 22:49:33
566,rb2210,SHFE,0_0_      942407,多,平今,4939.0,3,2022-04-11 22:49:39
567,rb2210,SHFE,0_0_      947657,多,平今,4939.0,1,2022-04-11 22:50:09
568,rb2210,SHFE,0_0_      949018,空,平今,4940.0,2,2022-04-11 22:50:16
569,rb2210,SHFE,0_0_      949486,空,开,4940.0,2,2022-04-11 22:50:18
570,rb2210,SHFE,0_0_      949486,空,开,4940.0,1,2022-04-11 22:50:18
571,rb2210,SHFE,0_0_      974712,多,平今,4936.0,2,2022-04-11 22:52:59
572,rb2210,SHFE,0_0_      974770,空,开,4937.0,1,2022-04-11 22:53:00
573,rb2210,SHFE,0_0_      974770,空,开,4937.0,1,2022-04-11 22:53:01
574,rb2210,SHFE,0_0_      974770,空,开,4937.0,1,2022-04-11 22:53:02
575,rb2210,SHFE,0_0_      982735,多,平今,4938.0,4,2022-04-11 22:53:46
576,rb2210,SHFE,0_0_      986590,空,开,4939.0,8,2022-04-11 22:54:07
577,rb2210,SHFE,0_0_      986650,多,平今,4938.0,5,2022-04-11 22:54:08
578,rb2210,SHFE,0_0_     1000702,多,开,4935.0,7,2022-04-11 22:55:51
579,rb2210,SHFE,0_0_     1001243,空,平今,4935.0,3,2022-04-11 22:55:59
580,rb2210,SHFE,0_0_     1001243,空,平今,4935.0,1,2022-04-11 22:56:00
581,rb2210,SHFE,0_0_     1001934,多,平今,4934.0,2,2022-04-11 22:56:09
582,rb2210,SHFE,0_0_     1001934,多,平今,4934.0,1,2022-04-11 22:56:10
583,rb2210,SHFE,0_0_     1009819,空,平今,4928.0,2,2022-04-11 22:57:10
584,rb2210,SHFE,0_0_     1022772,多,开,4929.0,2,2022-04-11 22:59:02
585,rb2210,SHFE,0_0_     1346518,空,平今,4937.000000000001,4,2022-04-12 09:00:46
586,rb2210,SHFE,0_0_     1346680,多,开,4937.0,1,2022-04-12 09:00:51
587,rb2210,SHFE,0_0_     1346883,多,开,4937.000000000001,3,2022-04-12 09:00:56
588,rb2210,SHFE,0_0_     1347481,多,开,4937.0,2,2022-04-12 09:01:19
589,rb2210,SHFE,0_0_     1347919,空,平今,4938.000000000001,1,2022-04-12 09:01:22
590,rb2210,SHFE,0_0_     1348011,多,开,4937.0,2,2022-04-12 09:01:30
591,rb2210,SHFE,0_0_     1348340,空,平今,4937.0,4,2022-04-12 09:01:32
592,rb2210,SHFE,0_0_     1348414,空,平今,4937.0,1,2022-04-12 09:01:32
593,rb2210,SHFE,0_0_     1348414,空,平今,4937.0,2,2022-04-12 09:01:32
594,rb2210,SHFE,0_0_     1351559,多,开,4941.0,2,2022-04-12 09:02:36
595,rb2210,SHFE,0_0_     1351559,多,开,4941.0,1,2022-04-12 09:02:36
596,rb2210,SHFE,0_0_     1351559,多,开,4941.0,1,2022-04-12 09:02:36
597,rb2210,SHFE,0_0_     1351559,多,开,4941.0,1,2022-04-12 09:02:36
598,rb2210,SHFE,0_0_     1352252,空,平今,4944.0,4,2022-04-12 09:02:47
599,rb2210,SHFE,0_0_     1352353,多,开,4943.0,1,2022-04-12 09:02:48
600,rb2210,SHFE,0_0_     1352353,多,开,4943.0,1,2022-04-12 09:02:48
601,rb2210,SHFE,0_0_     1352353,多,开,4943.0,1,2022-04-12 09:02:48
602,rb2210,SHFE,0_0_     1352353,多,开,4943.0,1,2022-04-12 09:02:48
603,rb2210,SHFE,0_0_     1352353,多,开,4943.0,1,2022-04-12 09:02:48
604,rb2210,SHFE,0_0_     1352353,多,开,4943.0,1,2022-04-12 09:02:48
605,rb2210,SHFE,0_0_     1352353,多,开,4943.0,1,2022-04-12 09:02:48
606,rb2210,SHFE,0_0_     1352380,空,平今,4944.0,7,2022-04-12 09:02:48
607,rb2210,SHFE,0_0_     1352654,空,开,4945.0,8,2022-04-12 09:02:53
608,rb2210,SHFE,0_0_     1352770,多,平今,4945.0,1,2022-04-12 09:02:56
609,rb2210,SHFE,0_0_     1352770,多,平今,4945.0,1,2022-04-12 09:02:56
610,rb2210,SHFE,0_0_     1352770,多,平今,4945.0,1,2022-04-12 09:02:56
611,rb2210,SHFE,0_0_     1352770,多,平今,4945.0,1,2022-04-12 09:02:56
612,rb2210,SHFE,0_0_     1355636,空,开,4951.0,4,2022-04-12 09:03:35
613,rb2210,SHFE,0_0_     1356751,多,平今,4950.0,4,2022-04-12 09:03:36
614,rb2210,SHFE,0_0_     1356835,空,开,4950.0,3,2022-04-12 09:03:36
615,rb2210,SHFE,0_0_     1356847,多,平今,4949.0,3,2022-04-12 09:03:39
616,rb2210,SHFE,0_0_     1357153,空,平今,4950.0,1,2022-04-12 09:03:45
617,rb2210,SHFE,0_0_     1357857,空,开,4949.0,1,2022-04-12 09:03:49
618,rb2210,SHFE,0_0_     1359054,多,开,4949.0,1,2022-04-12 09:04:01
619,rb2210,SHFE,0_0_     1357974,多,平今,4948.0,1,2022-04-12 09:04:03
620,rb2210,SHFE,0_0_     1359394,空,平今,4949.0,1,2022-04-12 09:04:05
621,rb2210,SHFE,0_0_     1359573,空,开,4949.0,1,2022-04-12 09:04:05
622,rb2210,SHFE,0_0_     1359981,空,开,4947.0,1,2022-04-12 09:04:10
623,rb2210,SHFE,0_0_     1359981,空,开,4947.0,1,2022-04-12 09:04:10
624,rb2210,SHFE,0_0_     1360785,多,平今,4947.0,1,2022-04-12 09:04:37
625,rb2210,SHFE,0_0_     1360785,多,平今,4947.0,1,2022-04-12 09:04:37
626,rb2210,SHFE,0_0_     1360785,多,平今,4947.0,1,2022-04-12 09:04:37
627,rb2210,SHFE,0_0_     1362897,空,开,4948.000000000001,1,2022-04-12 09:04:39
628,rb2210,SHFE,0_0_     1362915,多,平今,4947.0,1,2022-04-12 09:04:48
629,rb2210,SHFE,0_0_     1363820,空,开,4948.0,2,2022-04-12 09:04:48
630,rb2210,SHFE,0_0_     1363832,多,平今,4947.0,4,2022-04-12 09:04:51
631,rb2210,SHFE,0_0_     1364324,空,开,4947.0,3,2022-04-12 09:04:54
632,rb2210,SHFE,0_0_     1364439,空,开,4947.0,1,2022-04-12 09:04:54
633,rb2210,SHFE,0_0_     1364479,多,平今,4946.0,1,2022-04-12 09:04:54
634,rb2210,SHFE,0_0_     1364479,多,平今,4946.0,1,2022-04-12 09:04:55
635,rb2210,SHFE,0_0_     1364479,多,平今,4946.0,2,2022-04-12 09:04:55
636,rb2210,SHFE,0_0_     1364545,空,开,4947.0,3,2022-04-12 09:04:59
637,rb2210,SHFE,0_0_     1364951,多,平今,4946.000000000001,1,2022-04-12 09:04:59
638,rb2210,SHFE,0_0_     1364951,多,平今,4946.000000000001,1,2022-04-12 09:04:59
639,rb2210,SHFE,0_0_     1364951,多,平今,4946.000000000001,1,2022-04-12 09:04:59
640,rb2210,SHFE,0_0_     1365104,空,开,4947.0,3,2022-04-12 09:04:59
641,rb2210,SHFE,0_0_     1369663,空,开,4951.0,2,2022-04-12 09:05:24
642,rb2210,SHFE,0_0_     1372505,空,开,4954.0,1,2022-04-12 09:05:51
643,rb2210,SHFE,0_0_     1372973,多,开,4953.000000000001,2,2022-04-12 09:05:51
644,rb2210,SHFE,0_0_     1372973,多,开,4953.000000000001,1,2022-04-12 09:05:52
645,rb2210,SHFE,0_0_     1373010,空,平今,4953.0,3,2022-04-12 09:05:53
646,rb2210,SHFE,0_0_     1373210,多,开,4952.0,1,2022-04-12 09:05:55
647,rb2210,SHFE,0_0_     1373210,多,开,4952.0,1,2022-04-12 09:05:55
648,rb2210,SHFE,0_0_     1373210,多,开,4952.0,1,2022-04-12 09:06:06
649,rb2210,SHFE,0_0_     1375037,空,平今,4953.000000000001,1,2022-04-12 09:06:06
650,rb2210,SHFE,0_0_     1376713,多,开,4955.0,2,2022-04-12 09:06:21
651,rb2210,SHFE,0_0_     1377690,空,平今,4956.0,4,2022-04-12 09:06:29
652,rb2210,SHFE,0_0_     1378104,多,平今,4956.0,4,2022-04-12 09:06:33
653,rb2210,SHFE,0_0_     1380165,多,开,4955.0,1,2022-04-12 09:06:51
654,rb2210,SHFE,0_0_     1380165,多,开,4955.0,1,2022-04-12 09:06:51
655,rb2210,SHFE,0_0_     1380582,空,平今,4956.0,1,2022-04-12 09:06:54
656,rb2210,SHFE,0_0_     1383510,多,开,4956.0,3,2022-04-12 09:07:15
657,rb2210,SHFE,0_0_     1387751,多,平今,4961.0,3,2022-04-12 09:07:40
658,rb2210,SHFE,0_0_     1387751,多,平今,4961.0,1,2022-04-12 09:07:40
659,rb2210,SHFE,0_0_     1387804,空,平今,4962.0,4,2022-04-12 09:07:41
660,rb2210,SHFE,0_0_     1387894,多,开,4961.0,1,2022-04-12 09:07:42
661,rb2210,SHFE,0_0_     1387894,多,开,4961.0,1,2022-04-12 09:07:42
662,rb2210,SHFE,0_0_     1387942,空,平今,4962.0,2,2022-04-12 09:07:42
663,rb2210,SHFE,0_0_     1388030,多,开,4961.0,1,2022-04-12 09:07:43
664,rb2210,SHFE,0_0_     1388030,多,开,4961.0,1,2022-04-12 09:07:43
665,rb2210,SHFE,0_0_     1388030,多,开,4961.0,1,2022-04-12 09:07:43
666,rb2210,SHFE,0_0_     1388030,多,开,4961.0,1,2022-04-12 09:07:43
667,rb2210,SHFE,0_0_     1388082,空,开,4962.0,3,2022-04-12 09:07:43
668,rb2210,SHFE,0_0_     1388082,空,开,4962.0,3,2022-04-12 09:07:43
669,rb2210,SHFE,0_0_     1388658,空,平今,4963.0,1,2022-04-12 09:07:47
670,rb2210,SHFE,0_0_     1388658,空,平今,4963.0,1,2022-04-12 09:07:47
671,rb2210,SHFE,0_0_     1388825,空,平今,4963.0,2,2022-04-12 09:07:48
672,rb2210,SHFE,0_0_     1389176,多,开,4962.0,4,2022-04-12 09:07:51
673,rb2210,SHFE,0_0_     1388083,多,平今,4961.0,6,2022-04-12 09:07:52
674,rb2210,SHFE,0_0_     1389688,空,平今,4961.0,2,2022-04-12 09:07:55
675,rb2210,SHFE,0_0_     1389799,多,开,4960.0,1,2022-04-12 09:07:56
676,rb2210,SHFE,0_0_     1389799,多,开,4960.0,1,2022-04-12 09:07:56
677,rb2210,SHFE,0_0_     1389799,多,开,4960.0,1,2022-04-12 09:07:56
678,rb2210,SHFE,0_0_     1390298,空,平今,4961.0,2,2022-04-12 09:07:59
679,rb2210,SHFE,0_0_     1390401,多,开,4960.0,1,2022-04-12 09:08:00
680,rb2210,SHFE,0_0_     1390540,多,开,4961.0,3,2022-04-12 09:08:01
681,rb2210,SHFE,0_0_     1390556,空,平今,4962.0,1,2022-04-12 09:08:03
682,rb2210,SHFE,0_0_     1390556,空,平今,4962.0,1,2022-04-12 09:08:03
683,rb2210,SHFE,0_0_     1390556,空,平今,4962.0,1,2022-04-12 09:08:03
684,rb2210,SHFE,0_0_     1393893,空,开,4957.0,8,2022-04-12 09:08:28
685,rb2210,SHFE,0_0_     1395404,多,平今,4957.0,2,2022-04-12 09:08:44
686,rb2210,SHFE,0_0_     1400318,空,平今,4957.0,4,2022-04-12 09:09:15
687,rb2210,SHFE,0_0_     1402764,多,开,4956.0,8,2022-04-12 09:09:33
688,rb2210,SHFE,0_0_     1403376,空,平今,4957.0,4,2022-04-12 09:09:39
689,rb2210,SHFE,0_0_     1403376,空,平今,4957.0,4,2022-04-12 09:09:39
690,rb2210,SHFE,0_0_     1404156,多,开,4956.0,8,2022-04-12 09:09:42
691,rb2210,SHFE,0_0_     1404470,空,平今,4957.0,4,2022-04-12 09:09:42
692,rb2210,SHFE,0_0_     1404470,空,平今,4957.0,4,2022-04-12 09:09:42
693,rb2210,SHFE,0_0_     1404503,多,开,4956.0,7,2022-04-12 09:09:47
694,rb2210,SHFE,0_0_     1404503,多,开,4956.0,1,2022-04-12 09:09:47
695,rb2210,SHFE,0_0_     1405099,空,平今,4957.0,6,2022-04-12 09:09:48
696,rb2210,SHFE,0_0_     1405099,空,平今,4957.0,1,2022-04-12 09:09:48
697,rb2210,SHFE,0_0_     1405099,空,平今,4957.0,1,2022-04-12 09:09:48
698,rb2210,SHFE,0_0_     1405988,多,平今,4958.0,5,2022-04-12 09:09:54
699,rb2210,SHFE,0_0_     1405988,多,平今,4958.0,1,2022-04-12 09:09:55
700,rb2210,SHFE,0_0_     1408156,空,开,4961.0,1,2022-04-12 09:10:15
701,rb2210,SHFE,0_0_     1408156,空,开,4961.0,2,2022-04-12 09:10:15
702,rb2210,SHFE,0_0_     1408156,空,开,4961.0,1,2022-04-12 09:10:15
703,rb2210,SHFE,0_0_     1409201,多,平今,4960.0,4,2022-04-12 09:10:17
704,rb2210,SHFE,0_0_     1405261,多,开,4956.0,2,2022-04-12 09:11:42
705,rb2210,SHFE,0_0_     1405261,多,开,4956.0,1,2022-04-12 09:11:43
706,rb2210,SHFE,0_0_     1405261,多,开,4956.0,2,2022-04-12 09:11:43
707,rb2210,SHFE,0_0_     1405261,多,开,4956.0,1,2022-04-12 09:11:43
708,rb2210,SHFE,0_0_     1405261,多,开,4956.0,1,2022-04-12 09:11:43
709,rb2210,SHFE,0_0_     1421590,空,平今,4957.0,2,2022-04-12 09:11:43
710,rb2210,SHFE,0_0_     1405261,多,开,4956.0,1,2022-04-12 09:11:45
711,rb2210,SHFE,0_0_     1421652,空,平今,4958.0,1,2022-04-12 09:11:46
712,rb2210,SHFE,0_0_     1421852,空,平今,4958.0,4,2022-04-12 09:11:46
713,rb2210,SHFE,0_0_     1421998,多,开,4957.0,5,2022-04-12 09:11:46
714,rb2210,SHFE,0_0_     1422988,空,开,4957.0,1,2022-04-12 09:11:55
715,rb2210,SHFE,0_0_     1422063,空,平今,4958.0,1,2022-04-12 09:11:57
716,rb2210,SHFE,0_0_     1422063,空,平今,4958.0,4,2022-04-12 09:11:57
717,rb2210,SHFE,0_0_     1431361,空,开,4955.0,4,2022-04-12 09:12:46
718,rb2210,SHFE,0_0_     1431400,多,平今,4954.0,1,2022-04-12 09:12:47
719,rb2210,SHFE,0_0_     1432149,多,平今,4954.0,1,2022-04-12 09:12:56
720,rb2210,SHFE,0_0_     1433562,空,平今,4955.0,1,2022-04-12 09:12:58
721,rb2210,SHFE,0_0_     1434218,多,平今,4954.0,1,2022-04-12 09:12:59
722,rb2210,SHFE,0_0_     1461099,多,开,4956.0,2,2022-04-12 09:15:54
723,rb2210,SHFE,0_0_     1461118,空,平今,4957.0,2,2022-04-12 09:15:55
724,rb2210,SHFE,0_0_     1461201,多,开,4956.0,2,2022-04-12 09:15:56
725,rb2210,SHFE,0_0_     1461355,空,开,4957.0,1,2022-04-12 09:15:58
726,rb2210,SHFE,0_0_     1461355,空,开,4957.0,1,2022-04-12 09:15:59
727,rb2210,SHFE,0_0_     1461355,空,开,4957.0,1,2022-04-12 09:15:59
728,rb2210,SHFE,0_0_     1452307,多,平今,4954.0,1,2022-04-12 09:16:11
729,rb2210,SHFE,0_0_     1464733,空,平今,4953.0,2,2022-04-12 09:16:22
730,rb2210,SHFE,0_0_     1469028,多,平今,4947.0,3,2022-04-12 09:16:58
731,rb2210,SHFE,0_0_     1469028,多,平今,4947.0,1,2022-04-12 09:16:58
732,rb2210,SHFE,0_0_     1469868,空,开,4947.0,1,2022-04-12 09:17:05
733,rb2210,SHFE,0_0_     1470142,多,平今,4946.0,1,2022-04-12 09:17:06
734,rb2210,SHFE,0_0_     1477137,多,开,4949.0,8,2022-04-12 09:17:57
735,rb2210,SHFE,0_0_     1477472,空,平今,4949.0,4,2022-04-12 09:17:58
736,rb2210,SHFE,0_0_     1478006,空,开,4947.0,1,2022-04-12 09:18:01
737,rb2210,SHFE,0_0_     1478006,空,开,4947.0,2,2022-04-12 09:18:01
738,rb2210,SHFE,0_0_     1477627,空,平今,4949.0,3,2022-04-12 09:18:19
739,rb2210,SHFE,0_0_     1481095,多,平今,4949.0,1,2022-04-12 09:18:20
740,rb2210,SHFE,0_0_     1481713,多,平今,4949.0,1,2022-04-12 09:18:32
741,rb2210,SHFE,0_0_     1482583,多,平今,4949.0,1,2022-04-12 09:18:37
742,rb2210,SHFE,0_0_     1483286,空,平今,4950.0,1,2022-04-12 09:18:50
743,rb2210,SHFE,0_0_     1485468,多,开,4950.0,4,2022-04-12 09:19:02
744,rb2210,SHFE,0_0_     1463724,空,开,4955.0,4,2022-04-12 09:19:37
745,rb2210,SHFE,0_0_     1489606,多,平今,4954.0,2,2022-04-12 09:19:42
746,rb2210,SHFE,0_0_     1493336,多,平今,4954.0,1,2022-04-12 09:20:09
747,rb2210,SHFE,0_0_     1493778,多,开,4954.0,3,2022-04-12 09:20:17
748,rb2210,SHFE,0_0_     1496814,空,平今,4955.0,1,2022-04-12 09:20:32
749,rb2210,SHFE,0_0_     1497321,多,平今,4954.0,1,2022-04-12 09:20:53
750,rb2210,SHFE,0_0_     1499614,空,平今,4955.0,1,2022-04-12 09:20:53
751,rb2210,SHFE,0_0_     1500352,空,平今,4955.0,2,2022-04-12 09:20:59
752,rb2210,SHFE,0_0_     1499621,多,开,4954.0,1,2022-04-12 09:21:14
753,rb2210,SHFE,0_0_     1505984,多,开,4953.0,3,2022-04-12 09:21:34
754,rb2210,SHFE,0_0_     1506041,空,开,4953.0,8,2022-04-12 09:21:35
755,rb2210,SHFE,0_0_     1506269,多,平今,4952.0,2,2022-04-12 09:21:39
756,rb2210,SHFE,0_0_     1502857,空,平今,4955.0,1,2022-04-12 09:22:13
757,rb2210,SHFE,0_0_     1510703,多,平今,4954.0,1,2022-04-12 09:22:13
758,rb2210,SHFE,0_0_     1510684,多,平今,4953.0,3,2022-04-12 09:22:13
759,rb2210,SHFE,0_0_     1510717,空,平今,4954.0,1,2022-04-12 09:22:13
760,rb2210,SHFE,0_0_     1510717,空,平今,4954.0,2,2022-04-12 09:22:13
761,rb2210,SHFE,0_0_     1514043,空,平今,4952.0,1,2022-04-12 09:22:50
762,rb2210,SHFE,0_0_     1516595,多,开,4954.0,4,2022-04-12 09:23:16
763,rb2210,SHFE,0_0_     1518592,空,平今,4953.0,1,2022-04-12 09:23:41
764,rb2210,SHFE,0_0_     1484634,多,开,4949.0,1,2022-04-12 09:23:55
765,rb2210,SHFE,0_0_     1520641,空,开,4950.0,4,2022-04-12 09:23:56
766,rb2210,SHFE,0_0_     1520657,多,平今,4949.0,4,2022-04-12 09:23:56
767,rb2210,SHFE,0_0_     1522573,空,平今,4947.0,1,2022-04-12 09:24:17
768,rb2210,SHFE,0_0_     1522570,空,开,4948.0,2,2022-04-12 09:24:33
769,rb2210,SHFE,0_0_     1525810,多,开,4948.0,1,2022-04-12 09:24:47
770,rb2210,SHFE,0_0_     1525810,多,开,4948.0,2,2022-04-12 09:24:47
771,rb2210,SHFE,0_0_     1525120,多,平今,4947.0,2,2022-04-12 09:24:49
772,rb2210,SHFE,0_0_     1526544,空,平今,4948.0,3,2022-04-12 09:24:56
773,rb2210,SHFE,0_0_     1520690,空,开,4950.0,4,2022-04-12 09:25:13
774,rb2210,SHFE,0_0_     1529911,多,平今,4949.0,4,2022-04-12 09:25:14
775,rb2210,SHFE,0_0_     1532403,空,开,4949.0,2,2022-04-12 09:25:32
776,rb2210,SHFE,0_0_     1534970,空,开,4947.0,4,2022-04-12 09:26:05
777,rb2210,SHFE,0_0_     1537770,多,平今,4947.0,1,2022-04-12 09:26:10
778,rb2210,SHFE,0_0_     1541054,空,平今,4944.0,1,2022-04-12 09:26:34
779,rb2210,SHFE,0_0_     1541054,空,平今,4944.0,1,2022-04-12 09:26:34
780,rb2210,SHFE,0_0_     1541516,多,平今,4944.0,1,2022-04-12 09:26:36
781,rb2210,SHFE,0_0_     1541516,多,平今,4944.0,1,2022-04-12 09:26:36
782,rb2210,SHFE,0_0_     1541516,多,平今,4944.0,1,2022-04-12 09:26:36
783,rb2210,SHFE,0_0_     1542313,多,平今,4944.0,3,2022-04-12 09:26:42
784,rb2210,SHFE,0_0_     1542377,空,开,4945.0,3,2022-04-12 09:27:09
785,rb2210,SHFE,0_0_     1546351,多,平今,4944.0,3,2022-04-12 09:27:20
786,rb2210,SHFE,0_0_     1548056,空,平今,4943.0,1,2022-04-12 09:27:23
787,rb2210,SHFE,0_0_     1549323,多,平今,4943.0,1,2022-04-12 09:27:33
788,rb2210,SHFE,0_0_     1550308,空,平今,4942.0,2,2022-04-12 09:27:40
789,rb2210,SHFE,0_0_     1547782,空,开,4945.0,2,2022-04-12 09:27:59
790,rb2210,SHFE,0_0_     1547782,空,开,4945.0,1,2022-04-12 09:28:00
791,rb2210,SHFE,0_0_     1553807,多,开,4944.0,4,2022-04-12 09:28:03
792,rb2210,SHFE,0_0_     1551650,多,开,4942.0,2,2022-04-12 09:28:03
793,rb2210,SHFE,0_0_     1554438,空,平今,4944.0,3,2022-04-12 09:28:05
794,rb2210,SHFE,0_0_     1554438,空,平今,4944.0,1,2022-04-12 09:28:05
795,rb2210,SHFE,0_0_     1555866,空,平今,4944.0,1,2022-04-12 09:28:17
796,rb2210,SHFE,0_0_     1557805,多,平今,4945.0,1,2022-04-12 09:28:32
797,rb2210,SHFE,0_0_     1558279,多,平今,4944.0,2,2022-04-12 09:28:41
798,rb2210,SHFE,0_0_     1557190,多,开,4943.0,4,2022-04-12 09:28:53
799,rb2210,SHFE,0_0_     1559902,空,开,4944.0,7,2022-04-12 09:28:59
800,rb2210,SHFE,0_0_     1560026,空,平今,4944.0,1,2022-04-12 09:29:00
801,rb2210,SHFE,0_0_     1560453,多,平今,4943.0,1,2022-04-12 09:29:03
802,rb2210,SHFE,0_0_     1560453,多,平今,4943.0,1,2022-04-12 09:29:03
803,rb2210,SHFE,0_0_     1560453,多,平今,4943.0,2,2022-04-12 09:29:03
804,rb2210,SHFE,0_0_     1560821,多,平今,4943.0,1,2022-04-12 09:29:03
805,rb2210,SHFE,0_0_     1563162,空,平今,4942.0,4,2022-04-12 09:29:34
806,rb2210,SHFE,0_0_     1564747,多,平今,4942.0,1,2022-04-12 09:29:34
807,rb2210,SHFE,0_0_     1560859,空,开,4944.0,3,2022-04-12 09:29:38
808,rb2210,SHFE,0_0_     1567578,多,平今,4944.0,1,2022-04-12 09:30:02
809,rb2210,SHFE,0_0_     1573168,多,平今,4947.0,1,2022-04-12 09:30:29
810,rb2210,SHFE,0_0_     1537805,空,开,4948.0,1,2022-04-12 09:30:31
811,rb2210,SHFE,0_0_     1573371,多,平今,4947.0,1,2022-04-12 09:30:42
812,rb2210,SHFE,0_0_     1574751,空,开,4948.0,1,2022-04-12 09:30:45
813,rb2210,SHFE,0_0_     1575240,多,平今,4947.0,1,2022-04-12 09:30:46
814,rb2210,SHFE,0_0_     1575245,多,平今,4947.0,1,2022-04-12 09:30:46
815,rb2210,SHFE,0_0_     1575348,空,开,4948.0,2,2022-04-12 09:31:05
816,rb2210,SHFE,0_0_     1575354,空,开,4948.0,2,2022-04-12 09:31:06
817,rb2210,SHFE,0_0_     1577347,多,开,4947.0,4,2022-04-12 09:31:06
818,rb2210,SHFE,0_0_     1577396,空,平今,4948.0,1,2022-04-12 09:31:11
819,rb2210,SHFE,0_0_     1577396,空,平今,4948.0,1,2022-04-12 09:31:12
820,rb2210,SHFE,0_0_     1577396,空,平今,4948.0,1,2022-04-12 09:31:12
821,rb2210,SHFE,0_0_     1577396,空,平今,4948.0,1,2022-04-12 09:31:12
822,rb2210,SHFE,0_0_     1578005,多,平今,4947.0,1,2022-04-12 09:31:16
823,rb2210,SHFE,0_0_     1578005,多,平今,4947.0,1,2022-04-12 09:31:16
824,rb2210,SHFE,0_0_     1578005,多,平今,4947.0,1,2022-04-12 09:31:16
825,rb2210,SHFE,0_0_     1579548,空,开,4947.0,1,2022-04-12 09:31:33
826,rb2210,SHFE,0_0_     1583110,多,开,4945.0,4,2022-04-12 09:32:14
827,rb2210,SHFE,0_0_     1564849,多,平今,4941.0,1,2022-04-12 09:32:58
828,rb2210,SHFE,0_0_     1589436,多,平今,4943.0,1,2022-04-12 09:33:19
829,rb2210,SHFE,0_0_     1594082,空,开,4943.0,4,2022-04-12 09:33:54
830,rb2210,SHFE,0_0_     1594424,多,平今,4942.0,3,2022-04-12 09:33:55
831,rb2210,SHFE,0_0_     1594503,空,平今,4942.0,1,2022-04-12 09:33:59
832,rb2210,SHFE,0_0_     1595293,空,开,4942.0,1,2022-04-12 09:34:04
833,rb2210,SHFE,0_0_     1595293,空,开,4942.0,1,2022-04-12 09:34:04
834,rb2210,SHFE,0_0_     1591695,空,平今,4944.0,2,2022-04-12 09:34:14
835,rb2210,SHFE,0_0_     1597031,多,开,4944.0,4,2022-04-12 09:34:22
836,rb2210,SHFE,0_0_     1596203,多,平今,4942.0,3,2022-04-12 09:34:37
837,rb2210,SHFE,0_0_     1601296,空,平今,4943.0,1,2022-04-12 09:35:27
838,rb2210,SHFE,0_0_     1601296,空,平今,4943.0,3,2022-04-12 09:35:27
839,rb2210,SHFE,0_0_     1604726,多,开,4943.0,4,2022-04-12 09:35:28
840,rb2210,SHFE,0_0_     1604771,空,平今,4943.0,1,2022-04-12 09:35:29
841,rb2210,SHFE,0_0_     1604771,空,平今,4943.0,1,2022-04-12 09:35:30
842,rb2210,SHFE,0_0_     1605771,空,平今,4943.0,2,2022-04-12 09:35:42
843,rb2210,SHFE,0_0_     1606161,多,开,4942.0,2,2022-04-12 09:36:18
844,rb2210,SHFE,0_0_     1611163,空,开,4942.000000000001,1,2022-04-12 09:36:30
845,rb2210,SHFE,0_0_     1611163,空,开,4942.0,1,2022-04-12 09:36:31
846,rb2210,SHFE,0_0_     1611163,空,开,4942.0,1,2022-04-12 09:36:32
847,rb2210,SHFE,0_0_     1612768,多,平今,4941.0,1,2022-04-12 09:36:52
848,rb2210,SHFE,0_0_     1612768,多,平今,4941.0,2,2022-04-12 09:36:52
849,rb2210,SHFE,0_0_     1629301,空,平今,4940.0,1,2022-04-12 09:38:46
850,rb2210,SHFE,0_0_     1629301,空,平今,4940.0,1,2022-04-12 09:38:46
851,rb2210,SHFE,0_0_     1637144,空,开,4938.0,1,2022-04-12 09:39:56
852,rb2210,SHFE,0_0_     1634621,空,开,4939.0,4,2022-04-12 09:39:57
853,rb2210,SHFE,0_0_     1637958,多,平今,4938.0,1,2022-04-12 09:40:18
854,rb2210,SHFE,0_0_     1637958,多,平今,4938.0,1,2022-04-12 09:40:19
855,rb2210,SHFE,0_0_     1637958,多,平今,4938.0,1,2022-04-12 09:40:19
856,rb2210,SHFE,0_0_     1637759,多,平今,4937.0,1,2022-04-12 09:40:33
857,rb2210,SHFE,0_0_     1637759,多,平今,4937.0,1,2022-04-12 09:40:33
858,rb2210,SHFE,0_0_     1643225,空,开,4937.0,1,2022-04-12 09:40:45
859,rb2210,SHFE,0_0_     1643225,空,开,4937.0,1,2022-04-12 09:40:45
860,rb2210,SHFE,0_0_     1643225,空,开,4937.0,1,2022-04-12 09:40:45
861,rb2210,SHFE,0_0_     1643289,空,开,4937.0,1,2022-04-12 09:40:45
862,rb2210,SHFE,0_0_     1643289,空,开,4937.0,1,2022-04-12 09:40:45
863,rb2210,SHFE,0_0_     1643679,空,开,4937.0,1,2022-04-12 09:40:51
864,rb2210,SHFE,0_0_     1644973,多,平今,4935.0,1,2022-04-12 09:40:57
865,rb2210,SHFE,0_0_     1645060,多,平今,4935.0,4,2022-04-12 09:40:58
866,rb2210,SHFE,0_0_     1645515,空,开,4937.0,4,2022-04-12 09:41:04
867,rb2210,SHFE,0_0_     1645796,多,平今,4936.0,1,2022-04-12 09:41:13
868,rb2210,SHFE,0_0_     1645796,多,平今,4936.0,1,2022-04-12 09:41:13
869,rb2210,SHFE,0_0_     1645796,多,平今,4936.0,1,2022-04-12 09:41:14
870,rb2210,SHFE,0_0_     1645796,多,平今,4936.0,1,2022-04-12 09:41:14
871,rb2210,SHFE,0_0_     1642990,空,开,4938.0,1,2022-04-12 09:41:28
872,rb2210,SHFE,0_0_     1648942,多,开,4937.0,1,2022-04-12 09:41:28
873,rb2210,SHFE,0_0_     1648942,多,开,4937.0,3,2022-04-12 09:41:28
874,rb2210,SHFE,0_0_     1649383,空,平今,4938.0,3,2022-04-12 09:42:03
875,rb2210,SHFE,0_0_     1656428,空,平今,4936.0,2,2022-04-12 09:42:34
876,rb2210,SHFE,0_0_     1656997,空,开,4936.0,1,2022-04-12 09:42:42
877,rb2210,SHFE,0_0_     1656997,空,开,4936.0,1,2022-04-12 09:42:43
878,rb2210,SHFE,0_0_     1656997,空,开,4936.0,2,2022-04-12 09:42:43
879,rb2210,SHFE,0_0_     1657358,多,开,4935.0,1,2022-04-12 09:42:45
880,rb2210,SHFE,0_0_     1657358,多,开,4935.0,1,2022-04-12 09:42:45
881,rb2210,SHFE,0_0_     1657358,多,开,4935.0,6,2022-04-12 09:42:46
882,rb2210,SHFE,0_0_     1657677,空,平今,4936.0,1,2022-04-12 09:42:53
883,rb2210,SHFE,0_0_     1657677,空,平今,4936.0,1,2022-04-12 09:42:53
884,rb2210,SHFE,0_0_     1657677,空,平今,4936.0,1,2022-04-12 09:42:55
885,rb2210,SHFE,0_0_     1659314,多,平今,4936.0,4,2022-04-12 09:43:11
886,rb2210,SHFE,0_0_     1658611,多,平今,4935.0,2,2022-04-12 09:43:13
887,rb2210,SHFE,0_0_     1658611,多,平今,4935.0,1,2022-04-12 09:43:13
888,rb2210,SHFE,0_0_     1660948,空,平今,4936.0,1,2022-04-12 09:43:16
889,rb2210,SHFE,0_0_     1661051,空,开,4936.0,2,2022-04-12 09:43:16
890,rb2210,SHFE,0_0_     1661430,空,开,4936.0,1,2022-04-12 09:43:20
891,rb2210,SHFE,0_0_     1661430,空,开,4936.0,1,2022-04-12 09:43:20
892,rb2210,SHFE,0_0_     1660695,空,平今,4937.0,4,2022-04-12 09:43:36
893,rb2210,SHFE,0_0_     1663236,多,平今,4936.0,2,2022-04-12 09:43:46
894,rb2210,SHFE,0_0_     1664268,多,平今,4936.0,1,2022-04-12 09:44:00
895,rb2210,SHFE,0_0_     1664995,空,开,4937.0,1,2022-04-12 09:44:07
896,rb2210,SHFE,0_0_     1667462,空,开,4937.0,1,2022-04-12 09:44:22
897,rb2210,SHFE,0_0_     1672266,空,开,4938.0,1,2022-04-12 09:45:01
898,rb2210,SHFE,0_0_     1672969,多,平今,4937.0,2,2022-04-12 09:45:01
899,rb2210,SHFE,0_0_     1672969,多,平今,4937.0,2,2022-04-12 09:45:01
900,rb2210,SHFE,0_0_     1673134,空,开,4938.0,4,2022-04-12 09:45:10
901,rb2210,SHFE,0_0_     1674739,多,平今,4938.0,3,2022-04-12 09:45:22
902,rb2210,SHFE,0_0_     1688897,多,开,4944.0,3,2022-04-12 09:47:12
903,rb2210,SHFE,0_0_     1691276,多,开,4944.0,1,2022-04-12 09:47:27
904,rb2210,SHFE,0_0_     1702022,多,开,4946.0,3,2022-04-12 09:49:13
905,rb2210,SHFE,0_0_     1702022,多,开,4946.0,1,2022-04-12 09:49:13
906,rb2210,SHFE,0_0_     1702813,多,平今,4949.0,1,2022-04-12 09:49:37
907,rb2210,SHFE,0_0_     1704516,空,平今,4950.0,1,2022-04-12 09:49:40
908,rb2210,SHFE,0_0_     1707582,多,开,4950.0,1,2022-04-12 09:50:20
909,rb2210,SHFE,0_0_     1727944,空,平今,4949.0,1,2022-04-12 09:52:27
910,rb2210,SHFE,0_0_     1736711,空,平今,4945.0,1,2022-04-12 09:53:48
911,rb2210,SHFE,0_0_     1738958,空,平今,4944.0,1,2022-04-12 09:53:59
912,rb2210,SHFE,0_0_     1738958,空,平今,4944.0,1,2022-04-12 09:53:59
913,rb2210,SHFE,0_0_     1738958,空,平今,4944.0,1,2022-04-12 09:53:59
914,rb2210,SHFE,0_0_     1739024,多,开,4943.0,2,2022-04-12 09:54:00
915,rb2210,SHFE,0_0_     1739024,多,开,4943.0,1,2022-04-12 09:54:01
916,rb2210,SHFE,0_0_     1739235,空,平今,4944.0,1,2022-04-12 09:54:01
917,rb2210,SHFE,0_0_     1739253,多,开,4943.0,1,2022-04-12 09:54:05
918,rb2210,SHFE,0_0_     1739956,空,平今,4944.0,1,2022-04-12 09:55:09
919,rb2210,SHFE,0_0_     1747075,多,开,4943.0,1,2022-04-12 09:55:21
920,rb2210,SHFE,0_0_     1761604,空,平今,4939.0,1,2022-04-12 09:58:05
921,rb2210,SHFE,0_0_     1779691,空,平今,4940.0,1,2022-04-12 10:00:11
922,rb2210,SHFE,0_0_     1779691,空,平今,4940.0,1,2022-04-12 10:00:11
923,rb2210,SHFE,0_0_     1748780,空,平今,4944.0,2,2022-04-12 10:02:37
924,rb2210,SHFE,0_0_     1797234,多,开,4943.0,2,2022-04-12 10:02:40
925,rb2210,SHFE,0_0_     1821634,空,开,4944.0,2,2022-04-12 10:06:26
926,rb2210,SHFE,0_0_     1821634,空,开,4944.0,1,2022-04-12 10:06:26
927,rb2210,SHFE,0_0_     1821634,空,开,4944.0,1,2022-04-12 10:06:26
928,rb2210,SHFE,0_0_     1827689,多,平今,4946.0,4,2022-04-12 10:07:31
929,rb2210,SHFE,0_0_     1831341,空,平今,4943.0,1,2022-04-12 10:08:10
930,rb2210,SHFE,0_0_     1831831,空,开,4940.0,5,2022-04-12 10:08:17
931,rb2210,SHFE,0_0_     1831831,空,开,4940.0,3,2022-04-12 10:08:17
932,rb2210,SHFE,0_0_     1832032,多,平今,4940.0,1,2022-04-12 10:08:18
933,rb2210,SHFE,0_0_     1836956,多,平今,4937.0,2,2022-04-12 10:09:08
934,rb2210,SHFE,0_0_     1837530,多,平今,4937.0,2,2022-04-12 10:09:14
935,rb2210,SHFE,0_0_     1838030,多,平今,4937.0,2,2022-04-12 10:09:15
936,rb2210,SHFE,0_0_     1859639,多,开,4945.0,3,2022-04-12 10:12:21
937,rb2210,SHFE,0_0_     1863858,空,平今,4946.0,1,2022-04-12 10:12:58
938,rb2210,SHFE,0_0_     1863858,空,平今,4946.0,1,2022-04-12 10:12:59
939,rb2210,SHFE,0_0_     1866609,多,开,4948.0,5,2022-04-12 10:13:08
940,rb2210,SHFE,0_0_     1876636,空,平今,4954.0,3,2022-04-12 10:30:19
941,rb2210,SHFE,0_0_     1876785,空,平今,4954.0,4,2022-04-12 10:30:44
942,rb2210,SHFE,0_0_     1877563,多,开,4956.0,4,2022-04-12 10:30:52
943,rb2210,SHFE,0_0_     1877317,多,平今,4953.0,1,2022-04-12 10:31:18
944,rb2210,SHFE,0_0_     1878666,空,平今,4954.0,1,2022-04-12 10:32:28
945,rb2210,SHFE,0_0_     1882162,多,开,4953.0,1,2022-04-12 10:32:30
946,rb2210,SHFE,0_0_     1883819,空,平今,4954.0,1,2022-04-12 10:32:56
947,rb2210,SHFE,0_0_     1885651,空,平今,4959.0,3,2022-04-12 10:33:15
948,rb2210,SHFE,0_0_     1886015,空,开,4959.0,2,2022-04-12 10:33:28
949,rb2210,SHFE,0_0_     1889815,空,开,4961.0,1,2022-04-12 10:33:55
950,rb2210,SHFE,0_0_     1889815,空,开,4961.0,1,2022-04-12 10:33:55
951,rb2210,SHFE,0_0_     1890295,多,开,4961.0,3,2022-04-12 10:33:58
952,rb2210,SHFE,0_0_     1889960,多,平今,4960.0,2,2022-04-12 10:34:00
953,rb2210,SHFE,0_0_     1892117,空,平今,4961.0,2,2022-04-12 10:34:20
954,rb2210,SHFE,0_0_     1892649,多,开,4960.0,2,2022-04-12 10:34:21
955,rb2210,SHFE,0_0_     1894000,空,平今,4961.0,3,2022-04-12 10:34:40
956,rb2210,SHFE,0_0_     1894451,多,开,4960.0,1,2022-04-12 10:34:48
957,rb2210,SHFE,0_0_     1894847,空,平今,4961.0,2,2022-04-12 10:34:53
958,rb2210,SHFE,0_0_     1895382,多,开,4960.0,3,2022-04-12 10:34:57
959,rb2210,SHFE,0_0_     1895833,空,开,4961.0,3,2022-04-12 10:35:01
960,rb2210,SHFE,0_0_     1895833,空,开,4961.0,1,2022-04-12 10:35:01
961,rb2210,SHFE,0_0_     1897317,多,平今,4961.0,3,2022-04-12 10:35:07
962,rb2210,SHFE,0_0_     1897468,空,平今,4961.0,1,2022-04-12 10:35:08
963,rb2210,SHFE,0_0_     1898025,空,平今,4961.0,1,2022-04-12 10:35:11
964,rb2210,SHFE,0_0_     1898619,空,平今,4961.0,1,2022-04-12 10:35:19
965,rb2210,SHFE,0_0_     1896628,多,平今,4960.0,1,2022-04-12 10:35:21
966,rb2210,SHFE,0_0_     1899086,空,开,4961.0,2,2022-04-12 10:35:21
967,rb2210,SHFE,0_0_     1899165,多,平今,4961.0,1,2022-04-12 10:35:23
968,rb2210,SHFE,0_0_     1899734,多,开,4961.0,1,2022-04-12 10:35:30
969,rb2210,SHFE,0_0_     1899734,多,开,4961.0,1,2022-04-12 10:35:30
970,rb2210,SHFE,0_0_     1899734,多,开,4961.0,1,2022-04-12 10:35:30
971,rb2210,SHFE,0_0_     1899804,多,平今,4961.0,1,2022-04-12 10:35:31
972,rb2210,SHFE,0_0_     1900179,多,开,4961.0,1,2022-04-12 10:35:33
973,rb2210,SHFE,0_0_     1901461,空,平今,4963.0,2,2022-04-12 10:35:45
974,rb2210,SHFE,0_0_     1901686,多,开,4962.0,2,2022-04-12 10:35:45
975,rb2210,SHFE,0_0_     1887316,多,平今,4958.0,1,2022-04-12 10:36:24
976,rb2210,SHFE,0_0_     1887316,多,平今,4958.0,1,2022-04-12 10:36:24
977,rb2210,SHFE,0_0_     1907555,空,平今,4959.0,2,2022-04-12 10:36:25
978,rb2210,SHFE,0_0_     1915130,空,平今,4957.0,2,2022-04-12 10:37:23
979,rb2210,SHFE,0_0_     1920759,空,开,4960.0,2,2022-04-12 10:38:00
980,rb2210,SHFE,0_0_     1951504,多,开,4959.0,1,2022-04-12 10:42:08
981,rb2210,SHFE,0_0_     1951504,多,开,4959.0,3,2022-04-12 10:42:08
982,rb2210,SHFE,0_0_     1951962,空,平今,4960.0,4,2022-04-12 10:42:09
983,rb2210,SHFE,0_0_     1901701,空,开,4963.0,6,2022-04-12 10:42:24
984,rb2210,SHFE,0_0_     1953986,多,平今,4962.0,1,2022-04-12 10:42:25
985,rb2210,SHFE,0_0_     1953986,多,平今,4962.0,1,2022-04-12 10:42:25
986,rb2210,SHFE,0_0_     1953986,多,平今,4962.0,1,2022-04-12 10:42:26
987,rb2210,SHFE,0_0_     1953986,多,平今,4962.0,1,2022-04-12 10:42:26
988,rb2210,SHFE,0_0_     1954016,多,平今,4962.0,3,2022-04-12 10:42:26
989,rb2210,SHFE,0_0_     1952052,多,开,4959.0,1,2022-04-12 10:42:33
990,rb2210,SHFE,0_0_     1952052,多,开,4959.0,1,2022-04-12 10:42:33
991,rb2210,SHFE,0_0_     1952052,多,开,4959.0,2,2022-04-12 10:42:34
992,rb2210,SHFE,0_0_     1954990,空,平今,4960.0,2,2022-04-12 10:42:36
993,rb2210,SHFE,0_0_     1955185,空,平今,4960.0,1,2022-04-12 10:42:38
994,rb2210,SHFE,0_0_     1959483,空,平今,4961.0,1,2022-04-12 10:43:14
995,rb2210,SHFE,0_0_     1960118,空,开,4961.0,2,2022-04-12 10:43:20
996,rb2210,SHFE,0_0_     1962838,空,开,4962.0,3,2022-04-12 10:43:45
997,rb2210,SHFE,0_0_     1968046,空,开,4962.0,1,2022-04-12 10:44:37
998,rb2210,SHFE,0_0_     1970723,多,平今,4966.0,2,2022-04-12 10:44:52
999,rb2210,SHFE,0_0_     1970453,多,开,4964.0,4,2022-04-12 10:45:08
1000,rb2210,SHFE,0_0_     1970180,多,平今,4963.0,1,2022-04-12 10:45:09
1001,rb2210,SHFE,0_0_     1970180,多,平今,4963.0,3,2022-04-12 10:45:09
1002,rb2210,SHFE,0_0_     1973721,空,开,4963.0,1,2022-04-12 10:45:12
1003,rb2210,SHFE,0_0_     1975337,空,开,4962.0,2,2022-04-12 10:45:19
1004,rb2210,SHFE,0_0_     1976349,空,开,4961.0,1,2022-04-12 10:45:32
1005,rb2210,SHFE,0_0_     1977617,多,平今,4960.0,1,2022-04-12 10:45:32
1006,rb2210,SHFE,0_0_     1955706,多,平今,4959.0,1,2022-04-12 10:45:39
1007,rb2210,SHFE,0_0_     1979998,空,开,4959.0,3,2022-04-12 10:45:44
1008,rb2210,SHFE,0_0_     1982909,多,平今,4958.0,4,2022-04-12 10:46:03
1009,rb2210,SHFE,0_0_     1983124,空,开,4959.0,2,2022-04-12 10:46:04
1010,rb2210,SHFE,0_0_     1983124,空,开,4959.0,2,2022-04-12 10:46:04
1011,rb2210,SHFE,0_0_     1983435,多,平今,4958.0,1,2022-04-12 10:46:06
1012,rb2210,SHFE,0_0_     2018606,多,平今,4960.0,3,2022-04-12 10:51:44
1013,rb2210,SHFE,0_0_     2024316,空,平今,4961.0,1,2022-04-12 10:51:49
1014,rb2210,SHFE,0_0_     2024316,空,平今,4961.0,1,2022-04-12 10:51:50
1015,rb2210,SHFE,0_0_     2025028,空,开,4960.0,2,2022-04-12 10:51:52
1016,rb2210,SHFE,0_0_     2024655,空,平今,4961.0,1,2022-04-12 10:52:04
1017,rb2210,SHFE,0_0_     2026577,多,平今,4960.0,1,2022-04-12 10:52:11
1018,rb2210,SHFE,0_0_     2027842,空,开,4960.0,1,2022-04-12 10:52:16
1019,rb2210,SHFE,0_0_     2027842,空,开,4960.0,1,2022-04-12 10:52:16
1020,rb2210,SHFE,0_0_     2027842,空,开,4960.0,1,2022-04-12 10:52:20
1021,rb2210,SHFE,0_0_     2027299,空,平今,4961.0,1,2022-04-12 10:52:31
1022,rb2210,SHFE,0_0_     2030183,多,平今,4960.0,1,2022-04-12 10:52:34
1023,rb2210,SHFE,0_0_     2032262,多,开,4964.0,1,2022-04-12 10:52:52
1024,rb2210,SHFE,0_0_     2032262,多,开,4964.0,1,2022-04-12 10:52:52
1025,rb2210,SHFE,0_0_     2032262,多,开,4964.0,1,2022-04-12 10:52:52
1026,rb2210,SHFE,0_0_     2032262,多,开,4964.0,1,2022-04-12 10:52:52
1027,rb2210,SHFE,0_0_     2032262,多,开,4964.0,1,2022-04-12 10:52:52
1028,rb2210,SHFE,0_0_     2032262,多,开,4964.0,1,2022-04-12 10:52:52
1029,rb2210,SHFE,0_0_     2034315,空,平今,4966.0,4,2022-04-12 10:55:05
1030,rb2210,SHFE,0_0_     2048469,多,开,4966.0,4,2022-04-12 10:55:06
1031,rb2210,SHFE,0_0_     2048602,多,平今,4966.0,1,2022-04-12 10:55:07
1032,rb2210,SHFE,0_0_     2048602,多,平今,4966.0,1,2022-04-12 10:55:07
1033,rb2210,SHFE,0_0_     2048986,空,平今,4967.0,1,2022-04-12 10:55:10
1034,rb2210,SHFE,0_0_     2048986,空,平今,4967.0,1,2022-04-12 10:55:10
1035,rb2210,SHFE,0_0_     2048986,空,平今,4967.0,1,2022-04-12 10:55:10
1036,rb2210,SHFE,0_0_     2048986,空,平今,4967.0,1,2022-04-12 10:55:10
1037,rb2210,SHFE,0_0_     2051160,多,开,4967.0,2,2022-04-12 10:55:31
1038,rb2210,SHFE,0_0_     2051501,多,开,4967.0,2,2022-04-12 10:55:36
1039,rb2210,SHFE,0_0_     2051700,空,平今,4968.0,3,2022-04-12 10:59:30
1040,rb2210,SHFE,0_0_     2077405,多,开,4968.0,1,2022-04-12 10:59:34
1041,rb2210,SHFE,0_0_     2077405,多,开,4968.0,3,2022-04-12 10:59:34
1042,rb2210,SHFE,0_0_     2077948,空,平今,4969.0,1,2022-04-12 10:59:37
1043,rb2210,SHFE,0_0_     2078355,空,平今,4969.0,1,2022-04-12 10:59:56
1044,rb2210,SHFE,0_0_     2079878,多,平今,4968.0,2,2022-04-12 11:00:00
1045,rb2210,SHFE,0_0_     2080681,空,开,4969.0,6,2022-04-12 11:00:00
1046,rb2210,SHFE,0_0_     2080682,多,平今,4968.0,6,2022-04-12 11:00:00
1047,rb2210,SHFE,0_0_     2080687,空,开,4969.0,1,2022-04-12 11:00:00
1048,rb2210,SHFE,0_0_     2080687,空,开,4969.0,1,2022-04-12 11:00:00
1049,rb2210,SHFE,0_0_     2080687,空,开,4969.0,1,2022-04-12 11:00:00
1050,rb2210,SHFE,0_0_     2080687,空,开,4969.0,1,2022-04-12 11:00:00
1051,rb2210,SHFE,0_0_     2080687,空,开,4969.0,1,2022-04-12 11:00:00
1052,rb2210,SHFE,0_0_     2080687,空,开,4969.0,1,2022-04-12 11:00:00
1053,rb2210,SHFE,0_0_     2080692,多,平今,4968.0,6,2022-04-12 11:00:00
1054,rb2210,SHFE,0_0_     2080847,空,开,4970.0,6,2022-04-12 11:00:00
1055,rb2210,SHFE,0_0_     2080848,多,平今,4969.0,2,2022-04-12 11:00:00
1056,rb2210,SHFE,0_0_     2080848,多,平今,4969.0,4,2022-04-12 11:00:00
1057,rb2210,SHFE,0_0_     2081477,空,平今,4970.0,4,2022-04-12 11:00:06
1058,rb2210,SHFE,0_0_     2082234,空,开,4967.0,2,2022-04-12 11:00:18
1059,rb2210,SHFE,0_0_     2082234,空,开,4967.0,1,2022-04-12 11:00:18
1060,rb2210,SHFE,0_0_     2083906,多,平今,4967.0,2,2022-04-12 11:00:23
1061,rb2210,SHFE,0_0_     2085879,多,开,4965.0,4,2022-04-12 11:00:40
1062,rb2210,SHFE,0_0_     2090845,空,平今,4970.0,3,2022-04-12 11:01:21
1063,rb2210,SHFE,0_0_     2096996,多,开,4970.0,3,2022-04-12 11:02:18
1064,rb2210,SHFE,0_0_     2096996,多,开,4970.0,1,2022-04-12 11:02:19
1065,rb2210,SHFE,0_0_     2098384,空,平今,4969.0,1,2022-04-12 11:02:31
1066,rb2210,SHFE,0_0_     2099622,空,平今,4970.0,2,2022-04-12 11:02:44
1067,rb2210,SHFE,0_0_     2104412,空,开,4974.0,4,2022-04-12 11:03:27
1068,rb2210,SHFE,0_0_     2106409,多,平今,4973.0,4,2022-04-12 11:03:50
1069,rb2210,SHFE,0_0_     2107327,空,平今,4973.0,1,2022-04-12 11:03:51
1070,rb2210,SHFE,0_0_     2109896,多,开,4972.0,3,2022-04-12 11:04:10
1071,rb2210,SHFE,0_0_     2115964,空,平今,4974.0,1,2022-04-12 11:05:12
1072,rb2210,SHFE,0_0_     2115964,空,平今,4974.0,1,2022-04-12 11:05:12
1073,rb2210,SHFE,0_0_     2115964,空,平今,4974.0,1,2022-04-12 11:05:12
1074,rb2210,SHFE,0_0_     2115964,空,平今,4974.0,1,2022-04-12 11:05:12
1075,rb2210,SHFE,0_0_     2117043,多,开,4974.0,1,2022-04-12 11:05:14
1076,rb2210,SHFE,0_0_     2117043,多,开,4974.0,1,2022-04-12 11:05:14
1077,rb2210,SHFE,0_0_     2117414,多,开,4974.0,2,2022-04-12 11:05:22
1078,rb2210,SHFE,0_0_     2119433,空,平今,4975.0,1,2022-04-12 11:05:41
1079,rb2210,SHFE,0_0_     2119956,多,开,4975.0,1,2022-04-12 11:05:49
1080,rb2210,SHFE,0_0_     2121546,空,平今,4977.0,1,2022-04-12 11:05:59
1081,rb2210,SHFE,0_0_     2121546,空,平今,4977.0,1,2022-04-12 11:05:59
1082,rb2210,SHFE,0_0_     2121546,空,平今,4977.0,1,2022-04-12 11:05:59
1083,rb2210,SHFE,0_0_     2121546,空,平今,4977.0,1,2022-04-12 11:05:59
1084,rb2210,SHFE,0_0_     2130301,空,开,4972.0,2,2022-04-12 11:07:00
1085,rb2210,SHFE,0_0_     2130388,多,平今,4971.0,1,2022-04-12 11:07:00
1086,rb2210,SHFE,0_0_     2130388,多,平今,4971.0,1,2022-04-12 11:07:01
1087,rb2210,SHFE,0_0_     2133140,空,开,4972.0,1,2022-04-12 11:07:19
1088,rb2210,SHFE,0_0_     2133438,空,开,4972.0,1,2022-04-12 11:07:24
1089,rb2210,SHFE,0_0_     2143476,多,开,4974.0,6,2022-04-12 11:08:56
1090,rb2210,SHFE,0_0_     2143583,空,平今,4974.0,6,2022-04-12 11:08:58
1091,rb2210,SHFE,0_0_     2146457,空,开,4975.0,1,2022-04-12 11:09:31
1092,rb2210,SHFE,0_0_     2146683,多,开,4975.0,3,2022-04-12 11:09:33
1093,rb2210,SHFE,0_0_     2133970,多,平今,4971.000000000001,1,2022-04-12 11:10:37
1094,rb2210,SHFE,0_0_     2154338,空,开,4970.0,3,2022-04-12 11:10:43
1095,rb2210,SHFE,0_0_     2154761,多,平今,4969.0,4,2022-04-12 11:10:44
1096,rb2210,SHFE,0_0_     2155046,空,开,4969.0,1,2022-04-12 11:10:45
1097,rb2210,SHFE,0_0_     2155046,空,开,4969.0,1,2022-04-12 11:10:45
1098,rb2210,SHFE,0_0_     2158743,多,平今,4972.0,1,2022-04-12 11:11:26
1099,rb2210,SHFE,0_0_     2158743,多,平今,4972.0,1,2022-04-12 11:11:27
1100,rb2210,SHFE,0_0_     2158743,多,平今,4972.0,2,2022-04-12 11:11:27
1101,rb2210,SHFE,0_0_     2159844,多,平今,4972.0,1,2022-04-12 11:11:59
1102,rb2210,SHFE,0_0_     2163651,空,开,4973.0,2,2022-04-12 11:12:00
1103,rb2210,SHFE,0_0_     2163651,空,开,4973.0,2,2022-04-12 11:12:00
1104,rb2210,SHFE,0_0_     2163651,空,开,4973.0,1,2022-04-12 11:12:00
1105,rb2210,SHFE,0_0_     2163651,空,开,4973.0,1,2022-04-12 11:12:00
1106,rb2210,SHFE,0_0_     2163651,空,开,4973.0,1,2022-04-12 11:12:00
1107,rb2210,SHFE,0_0_     2163726,多,平今,4972.0,1,2022-04-12 11:12:07
1108,rb2210,SHFE,0_0_     2163726,多,平今,4972.0,1,2022-04-12 11:12:07
1109,rb2210,SHFE,0_0_     2163726,多,平今,4972.0,1,2022-04-12 11:12:08
1110,rb2210,SHFE,0_0_     2163726,多,平今,4972.0,1,2022-04-12 11:12:08
1111,rb2210,SHFE,0_0_     2163726,多,平今,4972.0,1,2022-04-12 11:12:08
1112,rb2210,SHFE,0_0_     2163726,多,平今,4972.0,1,2022-04-12 11:12:15
1113,rb2210,SHFE,0_0_     2163726,多,平今,4972.0,1,2022-04-12 11:12:15
1114,rb2210,SHFE,0_0_     2165472,空,平今,4973.0,2,2022-04-12 11:12:16
1115,rb2210,SHFE,0_0_     2165902,空,开,4973.0,1,2022-04-12 11:12:18
1116,rb2210,SHFE,0_0_     2166065,多,平今,4972.0,1,2022-04-12 11:12:21
1117,rb2210,SHFE,0_0_     2166502,空,开,4973.0,1,2022-04-12 11:12:22
1118,rb2210,SHFE,0_0_     2147823,空,平今,4976.0,1,2022-04-12 11:13:08
1119,rb2210,SHFE,0_0_     2173412,多,开,4976.0,4,2022-04-12 11:13:10
1120,rb2210,SHFE,0_0_     2121967,空,平今,4978.0,1,2022-04-12 11:13:12
1121,rb2210,SHFE,0_0_     2174404,多,开,4977.0,3,2022-04-12 11:13:15
1122,rb2210,SHFE,0_0_     2175543,空,平今,4978.0,3,2022-04-12 11:13:21
1123,rb2210,SHFE,0_0_     2175612,空,平今,4978.0,3,2022-04-12 11:13:22
1124,rb2210,SHFE,0_0_     2175652,多,开,4978.0,1,2022-04-12 11:13:23
1125,rb2210,SHFE,0_0_     2175652,多,开,4978.0,3,2022-04-12 11:13:23
1126,rb2210,SHFE,0_0_     2176796,空,平今,4979.0,1,2022-04-12 11:13:31
1127,rb2210,SHFE,0_0_     2176796,空,平今,4979.0,1,2022-04-12 11:13:32
1128,rb2210,SHFE,0_0_     2175250,多,开,4977.0,1,2022-04-12 11:13:34
1129,rb2210,SHFE,0_0_     2172992,多,平今,4974.0,1,2022-04-12 11:13:48
1130,rb2210,SHFE,0_0_     2178465,空,平今,4975.0,1,2022-04-12 11:13:48
1131,rb2210,SHFE,0_0_     2177452,空,平今,4977.0,3,2022-04-12 11:13:53
1132,rb2210,SHFE,0_0_     2178905,多,开,4976.0,1,2022-04-12 11:13:57
1133,rb2210,SHFE,0_0_     2179705,多,开,4977.0,3,2022-04-12 11:14:07
1134,rb2210,SHFE,0_0_     2181951,空,开,4976.0,4,2022-04-12 11:14:22
1135,rb2210,SHFE,0_0_     2180559,空,平今,4977.0,4,2022-04-12 11:14:23
1136,rb2210,SHFE,0_0_     2177029,空,开,4979.0,4,2022-04-12 11:14:26
1137,rb2210,SHFE,0_0_     2182456,多,平今,4978.0,4,2022-04-12 11:14:27
1138,rb2210,SHFE,0_0_     2182782,多,开,4977.0,3,2022-04-12 11:15:14
1139,rb2210,SHFE,0_0_     2187382,空,开,4981.0,1,2022-04-12 11:15:22
1140,rb2210,SHFE,0_0_     2189740,多,平今,4980.0,1,2022-04-12 11:15:23
1141,rb2210,SHFE,0_0_     2189746,空,平今,4981.0,1,2022-04-12 11:15:25
1142,rb2210,SHFE,0_0_     2189890,多,平今,4980.0,1,2022-04-12 11:15:26
1143,rb2210,SHFE,0_0_     2189926,空,平今,4981.0,1,2022-04-12 11:15:28
1144,rb2210,SHFE,0_0_     2191078,多,平今,4982.0,1,2022-04-12 11:15:36
1145,rb2210,SHFE,0_0_     2191159,多,开,4982.0,3,2022-04-12 11:15:37
1146,rb2210,SHFE,0_0_     2191159,多,开,4982.0,1,2022-04-12 11:15:37
1147,rb2210,SHFE,0_0_     2191204,空,平今,4983.0,1,2022-04-12 11:15:43
1148,rb2210,SHFE,0_0_     2191644,空,开,4983.0,1,2022-04-12 11:15:43
1149,rb2210,SHFE,0_0_     2191644,空,开,4983.0,4,2022-04-12 11:15:43
1150,rb2210,SHFE,0_0_     2191645,多,平今,4982.0,3,2022-04-12 11:15:43
1151,rb2210,SHFE,0_0_     2191645,多,平今,4982.0,2,2022-04-12 11:15:43
1152,rb2210,SHFE,0_0_     2191648,空,开,4983.0,5,2022-04-12 11:15:43
1153,rb2210,SHFE,0_0_     2191730,多,平今,4984.0,3,2022-04-12 11:15:44
1154,rb2210,SHFE,0_0_     2191730,多,平今,4984.0,1,2022-04-12 11:15:44
1155,rb2210,SHFE,0_0_     2192073,多,平今,4984.0,1,2022-04-12 11:15:47
1156,rb2210,SHFE,0_0_     2192073,多,平今,4984.0,1,2022-04-12 11:15:47
1157,rb2210,SHFE,0_0_     2191657,多,开,4982.0,3,2022-04-12 11:15:52
1158,rb2210,SHFE,0_0_     2193034,空,平今,4983.0,2,2022-04-12 11:15:54
1159,rb2210,SHFE,0_0_     2196590,空,平今,4978.0,1,2022-04-12 11:16:24
1160,rb2210,SHFE,0_0_     2197988,空,平今,4978.0,1,2022-04-12 11:16:36
1161,rb2210,SHFE,0_0_     2198215,多,开,4977.0,4,2022-04-12 11:16:41
1162,rb2210,SHFE,0_0_     2198931,空,平今,4978.0,4,2022-04-12 11:16:42
1163,rb2210,SHFE,0_0_     2199023,多,开,4977.0,4,2022-04-12 11:16:42
1164,rb2210,SHFE,0_0_     2200729,空,平今,4977.0,2,2022-04-12 11:17:02
1165,rb2210,SHFE,0_0_     2200729,空,平今,4977.0,2,2022-04-12 11:17:02
1166,rb2210,SHFE,0_0_     2201423,空,平今,4977.0,3,2022-04-12 11:17:06
1167,rb2210,SHFE,0_0_     2204473,空,开,4973.0,1,2022-04-12 11:17:29
1168,rb2210,SHFE,0_0_     2206078,多,开,4972.0,8,2022-04-12 11:17:41
1169,rb2210,SHFE,0_0_     2206283,空,平今,4974.0,2,2022-04-12 11:17:48
1170,rb2210,SHFE,0_0_     2203018,空,开,4975.0,4,2022-04-12 11:17:56
1171,rb2210,SHFE,0_0_     2202319,空,开,4977.0,1,2022-04-12 11:18:00
1172,rb2210,SHFE,0_0_     2213000,空,平今,4973.0,1,2022-04-12 11:18:36
1173,rb2210,SHFE,0_0_     2213887,空,平今,4973.0,2,2022-04-12 11:18:51
1174,rb2210,SHFE,0_0_     2216163,多,平今,4972.0,7,2022-04-12 11:18:57
1175,rb2210,SHFE,0_0_     2216332,空,开,4973.0,1,2022-04-12 11:18:58
1176,rb2210,SHFE,0_0_     2216332,空,开,4973.0,7,2022-04-12 11:18:59
1177,rb2210,SHFE,0_0_     2216597,多,平今,4972.0,7,2022-04-12 11:19:24
1178,rb2210,SHFE,0_0_     2219611,空,开,4973.0,6,2022-04-12 11:19:25
1179,rb2210,SHFE,0_0_     2219611,空,开,4973.0,1,2022-04-12 11:19:25
1180,rb2210,SHFE,0_0_     2222780,多,平今,4972.0,4,2022-04-12 11:19:59
1181,rb2210,SHFE,0_0_     2224291,空,开,4973.000000000001,4,2022-04-12 11:20:01
1182,rb2210,SHFE,0_0_     2224820,多,平今,4973.0,1,2022-04-12 11:20:17
1183,rb2210,SHFE,0_0_     2227306,空,平今,4973.0,1,2022-04-12 11:20:23
1184,rb2210,SHFE,0_0_     2227653,多,平今,4972.0,1,2022-04-12 11:21:08
1185,rb2210,SHFE,0_0_     2239649,多,平今,4972.0,1,2022-04-12 11:22:17
1186,rb2210,SHFE,0_0_     2244008,多,平今,4970.0,4,2022-04-12 11:22:53
1187,rb2210,SHFE,0_0_     2245982,多,开,4970.0,3,2022-04-12 11:23:07
1188,rb2210,SHFE,0_0_     2247224,空,平今,4967.0,3,2022-04-12 11:23:16
1189,rb2210,SHFE,0_0_     2247224,空,平今,4967.0,1,2022-04-12 11:23:16
1190,rb2210,SHFE,0_0_     2250216,多,平今,4960.0,1,2022-04-12 11:23:41
1191,rb2210,SHFE,0_0_     2250597,空,平今,4961.0,1,2022-04-12 11:23:45
1192,rb2210,SHFE,0_0_     2251195,多,开,4961.0,3,2022-04-12 11:23:46
1193,rb2210,SHFE,0_0_     2251386,空,平今,4961.0,1,2022-04-12 11:23:47
1194,rb2210,SHFE,0_0_     2251387,多,开,4960.0,1,2022-04-12 11:23:48
1195,rb2210,SHFE,0_0_     2251551,空,平今,4961.0,1,2022-04-12 11:23:48
1196,rb2210,SHFE,0_0_     2251554,多,开,4960.0,1,2022-04-12 11:23:49
1197,rb2210,SHFE,0_0_     2252056,多,开,4959.0,1,2022-04-12 11:23:54
1198,rb2210,SHFE,0_0_     2252918,多,开,4960.0,1,2022-04-12 11:25:47
1199,rb2210,SHFE,0_0_     2267684,空,平今,4961.0,1,2022-04-12 11:25:47
1200,rb2210,SHFE,0_0_     2267539,空,平今,4962.0,1,2022-04-12 11:25:51
1201,rb2210,SHFE,0_0_     2267908,多,开,4961.000000000001,3,2022-04-12 11:26:28
1202,rb2210,SHFE,0_0_     2271424,空,平今,4961.0,4,2022-04-12 11:26:30
1203,rb2210,SHFE,0_0_     2272170,空,平今,4960.0,1,2022-04-12 11:26:33
1204,rb2210,SHFE,0_0_     2273691,空,平今,4959.0,1,2022-04-12 11:26:42
1205,rb2210,SHFE,0_0_     2271324,空,开,4962.0,8,2022-04-12 11:28:54
1206,rb2210,SHFE,0_0_     2289690,多,平今,4962.0,4,2022-04-12 11:28:54
1207,rb2210,SHFE,0_0_     2290411,多,开,4963.0,1,2022-04-12 11:29:00
1208,rb2210,SHFE,0_0_     2290411,多,开,4963.0,1,2022-04-12 11:29:00
1209,rb2210,SHFE,0_0_     2290411,多,开,4963.0,3,2022-04-12 11:29:00
1210,rb2210,SHFE,0_0_     2293511,多,开,4989.0,2,2022-04-12 13:30:18
1211,rb2210,SHFE,0_0_     2294076,空,平今,4991.0,3,2022-04-12 13:30:37
1212,rb2210,SHFE,0_0_     2294128,多,开,4990.0,1,2022-04-12 13:30:37
1213,rb2210,SHFE,0_0_     2294128,多,开,4990.0,1,2022-04-12 13:30:37
1214,rb2210,SHFE,0_0_     2294128,多,开,4990.0,1,2022-04-12 13:30:37
1215,rb2210,SHFE,0_0_     2294136,空,平今,4991.0,1,2022-04-12 13:30:37
1216,rb2210,SHFE,0_0_     2294136,空,平今,4991.0,1,2022-04-12 13:30:37
1217,rb2210,SHFE,0_0_     2294136,空,平今,4991.0,1,2022-04-12 13:30:37
1218,rb2210,SHFE,0_0_     2294161,空,平今,4991.0,1,2022-04-12 13:30:38
1219,rb2210,SHFE,0_0_     2294161,空,平今,4991.0,1,2022-04-12 13:30:38
1220,rb2210,SHFE,0_0_     2294170,多,开,4990.0,2,2022-04-12 13:30:41
1221,rb2210,SHFE,0_0_     2293570,多,开,4989.0,1,2022-04-12 13:30:44
1222,rb2210,SHFE,0_0_     2294625,多,开,4987.0,1,2022-04-12 13:30:53
1223,rb2210,SHFE,0_0_     2294666,多,开,4987.0,2,2022-04-12 13:31:10
1224,rb2210,SHFE,0_0_     2294289,空,平今,4991.0,4,2022-04-12 13:31:13
1225,rb2210,SHFE,0_0_     2295273,多,开,4991.0,4,2022-04-12 13:31:13
1226,rb2210,SHFE,0_0_     2294278,空,开,4992.0,3,2022-04-12 13:31:13
1227,rb2210,SHFE,0_0_     2295425,多,平今,4992.0,1,2022-04-12 13:31:21
1228,rb2210,SHFE,0_0_     2295719,空,平今,4992.0,4,2022-04-12 13:31:22
1229,rb2210,SHFE,0_0_     2295707,空,平今,4993.0,4,2022-04-12 13:31:23
1230,rb2210,SHFE,0_0_     2295783,多,平今,4992.0,2,2022-04-12 13:31:24
1231,rb2210,SHFE,0_0_     2295783,多,平今,4992.0,2,2022-04-12 13:31:24
1232,rb2210,SHFE,0_0_     2295798,空,开,4993.0,4,2022-04-12 13:31:25
1233,rb2210,SHFE,0_0_     2295842,多,平今,4992.0,4,2022-04-12 13:31:26
1234,rb2210,SHFE,0_0_     2295880,空,开,4993.0,5,2022-04-12 13:31:28
1235,rb2210,SHFE,0_0_     2295961,多,开,4992.0,1,2022-04-12 13:31:32
1236,rb2210,SHFE,0_0_     2295961,多,开,4992.0,1,2022-04-12 13:31:33
1237,rb2210,SHFE,0_0_     2295961,多,开,4992.0,6,2022-04-12 13:31:33
1238,rb2210,SHFE,0_0_     2297501,多,平今,4988.0,1,2022-04-12 13:32:02
1239,rb2210,SHFE,0_0_     2298572,空,平今,4988.0,1,2022-04-12 13:32:16
1240,rb2210,SHFE,0_0_     2298626,多,平今,4987.0,1,2022-04-12 13:32:16
1241,rb2210,SHFE,0_0_     2298665,空,开,4988.0,1,2022-04-12 13:32:17
1242,rb2210,SHFE,0_0_     2298693,多,平今,4987.0,1,2022-04-12 13:32:17
1243,rb2210,SHFE,0_0_     2305149,空,平今,4983.0,1,2022-04-12 13:33:19
1244,rb2210,SHFE,0_0_     2310457,空,平今,4987.0,1,2022-04-12 13:34:23
1245,rb2210,SHFE,0_0_     2310457,空,平今,4987.0,3,2022-04-12 13:34:24
1246,rb2210,SHFE,0_0_     2314130,多,开,4987.0,4,2022-04-12 13:34:31
1247,rb2210,SHFE,0_0_     2317527,多,开,4991.0,2,2022-04-12 13:34:57
1248,rb2210,SHFE,0_0_     2319032,多,平今,4992.0,1,2022-04-12 13:35:05
1249,rb2210,SHFE,0_0_     2319674,空,平今,4992.0,1,2022-04-12 13:35:08
1250,rb2210,SHFE,0_0_     2320122,多,平今,4991.0,2,2022-04-12 13:35:16
1251,rb2210,SHFE,0_0_     2326301,多,平今,4993.000000000001,1,2022-04-12 13:35:58
1252,rb2210,SHFE,0_0_     2326942,空,平今,4994.0,3,2022-04-12 13:36:00
1253,rb2210,SHFE,0_0_     2327274,空,平今,4994.0,1,2022-04-12 13:36:01
1254,rb2210,SHFE,0_0_     2327298,多,开,4993.0,1,2022-04-12 13:36:07
1255,rb2210,SHFE,0_0_     2328656,空,平今,4993.0,3,2022-04-12 13:36:10
1256,rb2210,SHFE,0_0_     2320973,多,平今,4991.0,1,2022-04-12 13:36:18
1257,rb2210,SHFE,0_0_     2331095,多,开,4991.0,2,2022-04-12 13:36:34
1258,rb2210,SHFE,0_0_     2331762,空,平今,4992.0,1,2022-04-12 13:36:59
1259,rb2210,SHFE,0_0_     2334286,空,开,4992.0,3,2022-04-12 13:37:00
1260,rb2210,SHFE,0_0_     2334542,多,开,4991.0,3,2022-04-12 13:37:04
1261,rb2210,SHFE,0_0_     2334542,多,开,4991.0,1,2022-04-12 13:37:04
1262,rb2210,SHFE,0_0_     2335034,空,平今,4990.0,4,2022-04-12 13:37:07
1263,rb2210,SHFE,0_0_     2335205,多,开,4989.0,1,2022-04-12 13:37:07
1264,rb2210,SHFE,0_0_     2335205,多,开,4989.0,1,2022-04-12 13:37:07
1265,rb2210,SHFE,0_0_     2335205,多,开,4989.0,4,2022-04-12 13:37:07
1266,rb2210,SHFE,0_0_     2335252,空,平今,4990.0,4,2022-04-12 13:37:07
1267,rb2210,SHFE,0_0_     2340356,空,平今,4993.0,2,2022-04-12 13:38:02
1268,rb2210,SHFE,0_0_     2340356,空,平今,4993.0,1,2022-04-12 13:38:02
1269,rb2210,SHFE,0_0_     2341477,空,平今,4991.0,1,2022-04-12 13:38:12
1270,rb2210,SHFE,0_0_     2341478,多,平今,4990.0,1,2022-04-12 13:38:14
1271,rb2210,SHFE,0_0_     2335259,多,开,4989.0,4,2022-04-12 13:38:16
1272,rb2210,SHFE,0_0_     2342011,空,开,4989.0,2,2022-04-12 13:38:20
1273,rb2210,SHFE,0_0_     2343033,空,开,4988.0,4,2022-04-12 13:38:32
1274,rb2210,SHFE,0_0_     2343475,多,平今,4988.0,4,2022-04-12 13:38:35
1275,rb2210,SHFE,0_0_     2346247,空,平今,4990.0,1,2022-04-12 13:39:04
1276,rb2210,SHFE,0_0_     2348789,多,平今,4992.0,1,2022-04-12 13:39:23
1277,rb2210,SHFE,0_0_     2348789,多,平今,4992.0,1,2022-04-12 13:39:23
1278,rb2210,SHFE,0_0_     2349556,空,平今,4993.0,2,2022-04-12 13:39:30
1279,rb2210,SHFE,0_0_     2349808,多,开,4994.0,4,2022-04-12 13:39:32
1280,rb2210,SHFE,0_0_     2350447,多,平今,4994.0,1,2022-04-12 13:39:40
1281,rb2210,SHFE,0_0_     2350447,多,平今,4994.0,1,2022-04-12 13:39:40
1282,rb2210,SHFE,0_0_     2350487,空,平今,4994.0,4,2022-04-12 13:39:41
1283,rb2210,SHFE,0_0_     2350718,空,平今,4994.0,1,2022-04-12 13:39:45
1284,rb2210,SHFE,0_0_     2351256,多,开,4994.000000000001,4,2022-04-12 13:39:53
1285,rb2210,SHFE,0_0_     2351831,空,平今,4995.0,3,2022-04-12 13:39:53
1286,rb2210,SHFE,0_0_     2351831,空,平今,4995.0,1,2022-04-12 13:39:53
1287,rb2210,SHFE,0_0_     2362643,多,开,4988.0,4,2022-04-12 13:41:17
1288,rb2210,SHFE,0_0_     2363520,空,开,4988.000000000001,5,2022-04-12 13:41:21
1289,rb2210,SHFE,0_0_     2362716,空,平今,4989.0,4,2022-04-12 13:42:04
1290,rb2210,SHFE,0_0_     2368951,多,平今,4988.0,1,2022-04-12 13:42:07
1291,rb2210,SHFE,0_0_     2368951,多,平今,4988.0,3,2022-04-12 13:42:07
1292,rb2210,SHFE,0_0_     2369309,空,开,4989.0,3,2022-04-12 13:42:36
1293,rb2210,SHFE,0_0_     2373186,多,平今,4988.0,1,2022-04-12 13:42:53
1294,rb2210,SHFE,0_0_     2373186,多,平今,4988.0,2,2022-04-12 13:42:53
1295,rb2210,SHFE,0_0_     2375370,多,开,4990.0,4,2022-04-12 13:43:00
1296,rb2210,SHFE,0_0_     2375985,空,平今,4991.0,3,2022-04-12 13:43:01
1297,rb2210,SHFE,0_0_     2375985,空,平今,4991.0,1,2022-04-12 13:43:01
1298,rb2210,SHFE,0_0_     2376099,空,开,4991.0,4,2022-04-12 13:43:03
1299,rb2210,SHFE,0_0_     2377075,多,平今,4990.0,1,2022-04-12 13:43:14
1300,rb2210,SHFE,0_0_     2377075,多,平今,4990.0,3,2022-04-12 13:43:14
1301,rb2210,SHFE,0_0_     2375247,多,开,4989.0,1,2022-04-12 13:43:16
1302,rb2210,SHFE,0_0_     2375247,多,开,4989.0,1,2022-04-12 13:43:16
1303,rb2210,SHFE,0_0_     2375247,多,开,4989.0,2,2022-04-12 13:43:17
1304,rb2210,SHFE,0_0_     2380247,空,开,4989.0,4,2022-04-12 13:43:49
1305,rb2210,SHFE,0_0_     2382002,空,平今,4991.0,4,2022-04-12 13:44:00
1306,rb2210,SHFE,0_0_     2382783,多,平今,4990.0,5,2022-04-12 13:44:06
1307,rb2210,SHFE,0_0_     2382880,空,开,4991.0,4,2022-04-12 13:44:08
1308,rb2210,SHFE,0_0_     2383330,空,开,4991.0,1,2022-04-12 13:44:13
1309,rb2210,SHFE,0_0_     2383760,多,平今,4990.000000000001,1,2022-04-12 13:44:18
1310,rb2210,SHFE,0_0_     2383839,多,开,4990.0,7,2022-04-12 13:44:20
1311,rb2210,SHFE,0_0_     2383839,多,开,4990.0,1,2022-04-12 13:44:20
1312,rb2210,SHFE,0_0_     2384657,空,平今,4991.0,2,2022-04-12 13:44:26
1313,rb2210,SHFE,0_0_     2358914,空,开,4992.0,1,2022-04-12 13:44:27
1314,rb2210,SHFE,0_0_     2384914,多,平今,4991.0,1,2022-04-12 13:44:27
1315,rb2210,SHFE,0_0_     2353928,空,开,4994.0,2,2022-04-12 13:44:28
1316,rb2210,SHFE,0_0_     2386215,空,平今,4994.0,4,2022-04-12 13:44:43
1317,rb2210,SHFE,0_0_     2386705,多,平今,4993.0,1,2022-04-12 13:44:46
1318,rb2210,SHFE,0_0_     2386705,多,平今,4993.0,1,2022-04-12 13:44:46
1319,rb2210,SHFE,0_0_     2386978,多,开,4993.0,4,2022-04-12 13:44:48
1320,rb2210,SHFE,0_0_     2387428,空,平今,4994.0,2,2022-04-12 13:44:53
1321,rb2210,SHFE,0_0_     2384955,多,平今,4991.0,2,2022-04-12 13:44:59
1322,rb2210,SHFE,0_0_     2388183,空,开,4992.0,1,2022-04-12 13:45:00
1323,rb2210,SHFE,0_0_     2388183,空,开,4992.0,3,2022-04-12 13:45:00
1324,rb2210,SHFE,0_0_     2388183,空,开,4992.0,1,2022-04-12 13:45:00
1325,rb2210,SHFE,0_0_     2388183,空,开,4992.0,1,2022-04-12 13:45:00
1326,rb2210,SHFE,0_0_     2384955,多,平今,4991.0,1,2022-04-12 13:45:00
1327,rb2210,SHFE,0_0_     2387737,空,平今,4994.0,3,2022-04-12 13:45:06
1328,rb2210,SHFE,0_0_     2387737,空,平今,4994.0,1,2022-04-12 13:45:06
1329,rb2210,SHFE,0_0_     2384955,多,平今,4991.0,1,2022-04-12 13:45:15
1330,rb2210,SHFE,0_0_     2390699,空,开,4992.0,1,2022-04-12 13:45:18
1331,rb2210,SHFE,0_0_     2391262,多,平今,4992.0,4,2022-04-12 13:45:25
1332,rb2210,SHFE,0_0_     2397180,空,开,4994.0,3,2022-04-12 13:46:15
1333,rb2210,SHFE,0_0_     2393987,多,平今,4991.0,2,2022-04-12 13:46:31
1334,rb2210,SHFE,0_0_     2398168,空,开,4992.0,1,2022-04-12 13:46:48
1335,rb2210,SHFE,0_0_     2398168,空,开,4992.0,1,2022-04-12 13:46:48
1336,rb2210,SHFE,0_0_     2400427,空,开,4991.0,2,2022-04-12 13:46:55
1337,rb2210,SHFE,0_0_     2400432,多,平今,4991.0,6,2022-04-12 13:46:57
1338,rb2210,SHFE,0_0_     2400542,空,开,4992.0,2,2022-04-12 13:47:02
1339,rb2210,SHFE,0_0_     2400542,空,开,4992.0,1,2022-04-12 13:47:02
1340,rb2210,SHFE,0_0_     2400542,空,开,4992.0,1,2022-04-12 13:47:03
1341,rb2210,SHFE,0_0_     2403214,多,开,4992.0,2,2022-04-12 13:47:24
1342,rb2210,SHFE,0_0_     2401633,多,平今,4991.0,1,2022-04-12 13:47:25
1343,rb2210,SHFE,0_0_     2401928,多,平今,4991.0,4,2022-04-12 13:47:25
1344,rb2210,SHFE,0_0_     2403793,空,开,4992.0,4,2022-04-12 13:47:28
1345,rb2210,SHFE,0_0_     2404302,多,平今,4992.0,1,2022-04-12 13:47:35
1346,rb2210,SHFE,0_0_     2404594,多,平今,4992.0,1,2022-04-12 13:47:40
1347,rb2210,SHFE,0_0_     2403982,多,开,4991.0,2,2022-04-12 13:47:51
1348,rb2210,SHFE,0_0_     2403982,多,开,4991.0,2,2022-04-12 13:47:51
1349,rb2210,SHFE,0_0_     2403982,多,开,4991.0,2,2022-04-12 13:47:51
1350,rb2210,SHFE,0_0_     2406060,空,平今,4992.0,8,2022-04-12 13:47:59
1351,rb2210,SHFE,0_0_     2405109,空,开,4993.0,4,2022-04-12 13:48:02
1352,rb2210,SHFE,0_0_     2406992,多,开,4992.0,4,2022-04-12 13:48:08
1353,rb2210,SHFE,0_0_     2406992,多,开,4992.0,1,2022-04-12 13:48:08
1354,rb2210,SHFE,0_0_     2406992,多,开,4992.0,2,2022-04-12 13:48:10
1355,rb2210,SHFE,0_0_     2406992,多,开,4992.0,1,2022-04-12 13:48:15
1356,rb2210,SHFE,0_0_     2408382,空,平今,4993.0,1,2022-04-12 13:48:21
1357,rb2210,SHFE,0_0_     2408656,空,平今,4993.0,1,2022-04-12 13:48:25
1358,rb2210,SHFE,0_0_     2411529,多,平今,4991.0,2,2022-04-12 13:49:02
1359,rb2210,SHFE,0_0_     2412167,空,开,4990.0,3,2022-04-12 13:49:06
1360,rb2210,SHFE,0_0_     2413494,多,平今,4992.0,4,2022-04-12 13:49:21
1361,rb2210,SHFE,0_0_     2408974,空,平今,4993.0,4,2022-04-12 13:49:23
1362,rb2210,SHFE,0_0_     2414271,多,平今,4992.0,1,2022-04-12 13:49:36
1363,rb2210,SHFE,0_0_     2414912,多,开,4992.0,1,2022-04-12 13:49:39
1364,rb2210,SHFE,0_0_     2414912,多,开,4992.0,1,2022-04-12 13:49:40
1365,rb2210,SHFE,0_0_     2414912,多,开,4992.0,2,2022-04-12 13:49:40
1366,rb2210,SHFE,0_0_     2415172,空,平今,4993.0,2,2022-04-12 13:49:45
1367,rb2210,SHFE,0_0_     2415883,多,开,4992.0,4,2022-04-12 13:50:07
1368,rb2210,SHFE,0_0_     2418260,空,平今,4992.0,1,2022-04-12 13:50:11
1369,rb2210,SHFE,0_0_     2418041,空,平今,4993.000000000001,2,2022-04-12 13:50:32
1370,rb2210,SHFE,0_0_     2420730,多,平今,4992.0,1,2022-04-12 13:50:46
1371,rb2210,SHFE,0_0_     2421719,多,开,4992.0,3,2022-04-12 13:50:49
1372,rb2210,SHFE,0_0_     2422311,空,平今,4992.0,3,2022-04-12 13:50:55
1373,rb2210,SHFE,0_0_     2422741,空,平今,4992.0,1,2022-04-12 13:51:00
1374,rb2210,SHFE,0_0_     2422741,空,平今,4992.0,1,2022-04-12 13:51:00
1375,rb2210,SHFE,0_0_     2421818,空,平今,4993.0,1,2022-04-12 13:51:05
1376,rb2210,SHFE,0_0_     2421818,空,平今,4993.0,1,2022-04-12 13:51:05
1377,rb2210,SHFE,0_0_     2423431,多,开,4993.0,1,2022-04-12 13:51:13
1378,rb2210,SHFE,0_0_     2423431,多,开,4993.0,3,2022-04-12 13:51:14
1379,rb2210,SHFE,0_0_     2423431,多,开,4993.0,1,2022-04-12 13:51:14
1380,rb2210,SHFE,0_0_     2423431,多,开,4993.0,1,2022-04-12 13:51:14
1381,rb2210,SHFE,0_0_     2423431,多,开,4993.0,1,2022-04-12 13:51:14
1382,rb2210,SHFE,0_0_     2424108,空,平今,4994.0,4,2022-04-12 13:51:14
1383,rb2210,SHFE,0_0_     2422791,多,平今,4991.0,1,2022-04-12 13:51:26
1384,rb2210,SHFE,0_0_     2425899,多,平今,4991.0,1,2022-04-12 13:51:33
1385,rb2210,SHFE,0_0_     2426736,空,开,4988.0,4,2022-04-12 13:51:40
1386,rb2210,SHFE,0_0_     2430127,空,开,4988.0,4,2022-04-12 13:52:21
1387,rb2210,SHFE,0_0_     2431002,多,平今,4987.000000000001,4,2022-04-12 13:52:26
1388,rb2210,SHFE,0_0_     2431365,空,开,4988.0,4,2022-04-12 13:52:35
1389,rb2210,SHFE,0_0_     2432093,多,平今,4987.0,4,2022-04-12 13:53:04
1390,rb2210,SHFE,0_0_     2435364,空,开,4987.0,1,2022-04-12 13:53:06
1391,rb2210,SHFE,0_0_     2435535,多,平今,4987.0,3,2022-04-12 13:53:23
1392,rb2210,SHFE,0_0_     2437313,空,开,4987.0,3,2022-04-12 13:53:25
1393,rb2210,SHFE,0_0_     2435410,多,平今,4986.0,1,2022-04-12 13:53:25
1394,rb2210,SHFE,0_0_     2437496,多,平今,4986.0,4,2022-04-12 13:53:27
1395,rb2210,SHFE,0_0_     2439454,空,开,4983.0,1,2022-04-12 13:53:44
1396,rb2210,SHFE,0_0_     2439415,空,平今,4984.0,1,2022-04-12 13:53:44
1397,rb2210,SHFE,0_0_     2439415,空,平今,4984.0,2,2022-04-12 13:53:45
1398,rb2210,SHFE,0_0_     2439554,多,开,4982.0,4,2022-04-12 13:53:46
1399,rb2210,SHFE,0_0_     2439593,空,平今,4983.0,4,2022-04-12 13:53:46
1400,rb2210,SHFE,0_0_     2439613,多,开,4982.0,4,2022-04-12 13:53:46
1401,rb2210,SHFE,0_0_     2439619,空,平今,4983.0,4,2022-04-12 13:53:46
1402,rb2210,SHFE,0_0_     2439634,多,开,4982.0,4,2022-04-12 13:53:47
1403,rb2210,SHFE,0_0_     2439645,空,平今,4983.0,4,2022-04-12 13:53:48
1404,rb2210,SHFE,0_0_     2439943,多,开,4983.0,4,2022-04-12 13:53:50
1405,rb2210,SHFE,0_0_     2440048,空,平今,4984.0,2,2022-04-12 13:53:51
1406,rb2210,SHFE,0_0_     2439783,多,开,4982.0,2,2022-04-12 13:53:51
1407,rb2210,SHFE,0_0_     2437555,空,开,4987.0,4,2022-04-12 13:54:13
1408,rb2210,SHFE,0_0_     2445516,空,平今,4990.0,4,2022-04-12 13:54:53
1409,rb2210,SHFE,0_0_     2446217,多,开,4989.0,1,2022-04-12 13:55:02
1410,rb2210,SHFE,0_0_     2451540,多,开,4990.0,1,2022-04-12 13:56:06
1411,rb2210,SHFE,0_0_     2451540,多,开,4990.0,1,2022-04-12 13:56:06
1412,rb2210,SHFE,0_0_     2454238,空,平今,4993.0,1,2022-04-12 13:57:04
1413,rb2210,SHFE,0_0_     2460839,空,平今,4994.0,2,2022-04-12 13:58:02
1414,rb2210,SHFE,0_0_     2463332,多,开,4995.000000000001,4,2022-04-12 13:58:21
1415,rb2210,SHFE,0_0_     2467920,空,平今,4994.0,1,2022-04-12 13:59:25
1416,rb2210,SHFE,0_0_     2469551,多,开,4994.0,2,2022-04-12 13:59:31
1417,rb2210,SHFE,0_0_     2469939,多,开,4994.0,2,2022-04-12 13:59:36
1418,rb2210,SHFE,0_0_     2470368,空,平今,4995.0,4,2022-04-12 13:59:44
1419,rb2210,SHFE,0_0_     2463370,空,平今,4996.0,4,2022-04-12 13:59:46
1420,rb2210,SHFE,0_0_     2471531,多,开,4995.0,4,2022-04-12 13:59:50
1421,rb2210,SHFE,0_0_     2471178,多,开,4994.0,4,2022-04-12 13:59:54
1422,rb2210,SHFE,0_0_     2472516,空,平今,4994.0,2,2022-04-12 13:59:56
1423,rb2210,SHFE,0_0_     2474272,多,平今,4992.0,3,2022-04-12 14:00:04
1424,rb2210,SHFE,0_0_     2474353,空,开,4993.0,4,2022-04-12 14:00:09
1425,rb2210,SHFE,0_0_     2475143,多,平今,4992.0,6,2022-04-12 14:00:09
1426,rb2210,SHFE,0_0_     2475160,空,开,4993.0,6,2022-04-12 14:00:19
1427,rb2210,SHFE,0_0_     2476559,多,平今,4992.0,6,2022-04-12 14:00:20
1428,rb2210,SHFE,0_0_     2472252,空,平今,4995.0,1,2022-04-12 14:00:55
1429,rb2210,SHFE,0_0_     2480982,空,平今,4995.0,1,2022-04-12 14:00:59
1430,rb2210,SHFE,0_0_     2481338,空,平今,4995.0,1,2022-04-12 14:01:00
1431,rb2210,SHFE,0_0_     2472009,空,平今,4996.0,2,2022-04-12 14:01:01
1432,rb2210,SHFE,0_0_     2481741,多,开,4995.0,1,2022-04-12 14:01:03
1433,rb2210,SHFE,0_0_     2481786,空,开,4996.0,8,2022-04-12 14:01:03
1434,rb2210,SHFE,0_0_     2481874,多,平今,4996.0,1,2022-04-12 14:01:04
1435,rb2210,SHFE,0_0_     2481917,多,平今,4995.0,2,2022-04-12 14:01:06
1436,rb2210,SHFE,0_0_     2481917,多,平今,4995.0,1,2022-04-12 14:01:06
1437,rb2210,SHFE,0_0_     2481917,多,平今,4995.0,1,2022-04-12 14:01:06
1438,rb2210,SHFE,0_0_     2482237,空,平今,4996.0,2,2022-04-12 14:01:07
1439,rb2210,SHFE,0_0_     2482446,空,开,4996.0,1,2022-04-12 14:01:10
1440,rb2210,SHFE,0_0_     2484977,多,开,4997.0,2,2022-04-12 14:01:31
1441,rb2210,SHFE,0_0_     2485443,多,开,4997.0,1,2022-04-12 14:01:35
1442,rb2210,SHFE,0_0_     2484532,多,平今,4996.0,4,2022-04-12 14:01:43
1443,rb2210,SHFE,0_0_     2486364,空,平今,4997.0,2,2022-04-12 14:01:44
1444,rb2210,SHFE,0_0_     2489928,空,开,5001.0,2,2022-04-12 14:02:21
1445,rb2210,SHFE,0_0_     2490111,多,平今,5000.0,2,2022-04-12 14:02:28
1446,rb2210,SHFE,0_0_     2491075,空,平今,5001.0,1,2022-04-12 14:02:35
1447,rb2210,SHFE,0_0_     2491397,多,开,5000.0,1,2022-04-12 14:03:00
1448,rb2210,SHFE,0_0_     2502613,空,开,5001.0,3,2022-04-12 14:04:27
1449,rb2210,SHFE,0_0_     2504424,多,平今,5002.0,3,2022-04-12 14:04:46
1450,rb2210,SHFE,0_0_     2506491,空,开,5003.0,7,2022-04-12 14:05:39
1451,rb2210,SHFE,0_0_     2510715,多,平今,5003.0,4,2022-04-12 14:05:41
1452,rb2210,SHFE,0_0_     2511740,多,开,5005.0,4,2022-04-12 14:05:48
1453,rb2210,SHFE,0_0_     2513515,空,平今,5007.0,1,2022-04-12 14:06:04
1454,rb2210,SHFE,0_0_     2513626,空,平今,5007.0,2,2022-04-12 14:06:05
1455,rb2210,SHFE,0_0_     2513740,多,开,5006.0,2,2022-04-12 14:06:06
1456,rb2210,SHFE,0_0_     2513891,空,平今,5007.0,3,2022-04-12 14:06:07
1457,rb2210,SHFE,0_0_     2513945,多,开,5006.0,1,2022-04-12 14:06:09
1458,rb2210,SHFE,0_0_     2513945,多,开,5006.0,1,2022-04-12 14:06:09
1459,rb2210,SHFE,0_0_     2513945,多,开,5006.0,1,2022-04-12 14:06:09
1460,rb2210,SHFE,0_0_     2513945,多,开,5006.0,1,2022-04-12 14:06:09
1461,rb2210,SHFE,0_0_     2514204,空,平今,5007.0,1,2022-04-12 14:06:22
1462,rb2210,SHFE,0_0_     2516198,多,平今,5009.0,1,2022-04-12 14:06:31
1463,rb2210,SHFE,0_0_     2516660,空,平今,5009.0,1,2022-04-12 14:06:34
1464,rb2210,SHFE,0_0_     2516744,空,开,5009.0,4,2022-04-12 14:06:37
1465,rb2210,SHFE,0_0_     2517094,空,平今,5009.0,1,2022-04-12 14:06:39
1466,rb2210,SHFE,0_0_     2519712,多,平今,5007.0,3,2022-04-12 14:07:03
